{
  "data": {
    "success": true,
    "data": {
      "totalMovies": 195,
      "totalRuntime": 22676,
      "averageRuntime": 116,
      "totalSpent": 2909.6100000000015,
      "averagePrice": 22.21076335877864,
      "priceOverTime": [
        {
          "period": "2007-01",
          "totalValue": 19,
          "averagePrice": 19,
          "count": 1
        },
        {
          "period": "2007-03",
          "totalValue": 19,
          "averagePrice": 19,
          "count": 1
        },
        {
          "period": "2008-07",
          "totalValue": 39,
          "averagePrice": 19.5,
          "count": 2
        },
        {
          "period": "2010-02",
          "totalValue": 41,
          "averagePrice": 20.5,
          "count": 2
        },
        {
          "period": "2012-01",
          "totalValue": 12,
          "averagePrice": 12,
          "count": 1
        },
        {
          "period": "2013-08",
          "totalValue": 80,
          "averagePrice": 26.666666666666668,
          "count": 3
        },
        {
          "period": "2024-09",
          "totalValue": 480.27999999999986,
          "averagePrice": 17.152857142857137,
          "count": 28
        },
        {
          "period": "2024-10",
          "totalValue": 433.4800000000001,
          "averagePrice": 13.983225806451616,
          "count": 31
        },
        {
          "period": "2024-11",
          "totalValue": 40.15,
          "averagePrice": 5.735714285714286,
          "count": 7
        },
        {
          "period": "2024-12",
          "totalValue": 98.75,
          "averagePrice": 9.875,
          "count": 10
        },
        {
          "period": "2025-01",
          "totalValue": 285.70000000000005,
          "averagePrice": 12.421739130434785,
          "count": 23
        },
        {
          "period": "2025-02",
          "totalValue": 15,
          "averagePrice": 15,
          "count": 1
        },
        {
          "period": "2025-05",
          "totalValue": 68.9,
          "averagePrice": 9.842857142857143,
          "count": 7
        },
        {
          "period": "2025-08",
          "totalValue": 67.6,
          "averagePrice": 16.9,
          "count": 4
        },
        {
          "period": "2025-09",
          "totalValue": 1147,
          "averagePrice": 143.375,
          "count": 8
        },
        {
          "period": "2025-10",
          "totalValue": 62.75,
          "averagePrice": 31.375,
          "count": 2
        }
      ],
      "genreDistribution": [
        {
          "genre": "Adventure",
          "count": 84
        },
        {
          "genre": "Action",
          "count": 76
        },
        {
          "genre": "Science Fiction",
          "count": 60
        },
        {
          "genre": "Drama",
          "count": 60
        },
        {
          "genre": "Comedy",
          "count": 53
        },
        {
          "genre": "Fantasy",
          "count": 48
        },
        {
          "genre": "Thriller",
          "count": 36
        },
        {
          "genre": "Family",
          "count": 25
        },
        {
          "genre": "Mystery",
          "count": 19
        },
        {
          "genre": "Crime",
          "count": 17
        },
        {
          "genre": "Animation",
          "count": 16
        },
        {
          "genre": "Horror",
          "count": 14
        },
        {
          "genre": "Romance",
          "count": 11
        },
        {
          "genre": "War",
          "count": 5
        },
        {
          "genre": "Sci-Fi & Fantasy",
          "count": 4
        },
        {
          "genre": "Action & Adventure",
          "count": 4
        },
        {
          "genre": "Music",
          "count": 3
        },
        {
          "genre": "Documentary",
          "count": 3
        },
        {
          "genre": "History",
          "count": 3
        },
        {
          "genre": "Western",
          "count": 2
        },
        {
          "genre": "Kids",
          "count": 1
        }
      ],
      "formatDistribution": [
        {
          "format": "Blu-ray 4K",
          "count": 94
        },
        {
          "format": "Blu-ray",
          "count": 70
        },
        {
          "format": "DVD",
          "count": 20
        },
        {
          "format": "Unspecified",
          "count": 10
        },
        {
          "format": "Digital",
          "count": 1
        }
      ],
      "topDirectors": [
        {
          "director": "Christopher Nolan",
          "count": 9,
          "topGenre": "Drama"
        },
        {
          "director": "David Yates",
          "count": 7,
          "topGenre": "Fantasy"
        },
        {
          "director": "Steven Spielberg",
          "count": 6,
          "topGenre": "Adventure"
        },
        {
          "director": "Guillermo del Toro",
          "count": 5,
          "topGenre": "Fantasy"
        },
        {
          "director": "Denis Villeneuve",
          "count": 4,
          "topGenre": "Science Fiction"
        },
        {
          "director": "Luc Besson",
          "count": 3,
          "topGenre": "Adventure"
        },
        {
          "director": "Andrzej Bartkowiak",
          "count": 3,
          "topGenre": "Action"
        },
        {
          "director": "James Gunn",
          "count": 3,
          "topGenre": "Action"
        },
        {
          "director": "Chris Columbus",
          "count": 3,
          "topGenre": "Adventure"
        },
        {
          "director": "Paul King",
          "count": 3,
          "topGenre": "Comedy"
        },
        {
          "director": "Peter Jackson",
          "count": 3,
          "topGenre": "Adventure"
        },
        {
          "director": "Stanley Kubrick",
          "count": 2,
          "topGenre": "Science Fiction"
        },
        {
          "director": "Ridley Scott",
          "count": 2,
          "topGenre": "Science Fiction"
        },
        {
          "director": "Alejandro González Iñárritu",
          "count": 2,
          "topGenre": "Drama"
        },
        {
          "director": "Tim Burton",
          "count": 2,
          "topGenre": "Adventure"
        }
      ],
      "topActors": [
        {
          "actor": "Daniel Radcliffe",
          "count": 9
        },
        {
          "actor": "Bruce Willis",
          "count": 8
        },
        {
          "actor": "Rupert Grint",
          "count": 8
        },
        {
          "actor": "Emma Watson",
          "count": 8
        },
        {
          "actor": "Chris Pratt",
          "count": 7
        },
        {
          "actor": "Harrison Ford",
          "count": 6
        },
        {
          "actor": "Robert Downey Jr.",
          "count": 5
        },
        {
          "actor": "Matt Damon",
          "count": 5
        },
        {
          "actor": "Laurence Fishburne",
          "count": 5
        },
        {
          "actor": "Jude Law",
          "count": 5
        },
        {
          "actor": "Dwayne Johnson",
          "count": 5
        },
        {
          "actor": "Tom Hardy",
          "count": 5
        },
        {
          "actor": "Keanu Reeves",
          "count": 5
        },
        {
          "actor": "Carrie-Anne Moss",
          "count": 5
        },
        {
          "actor": "Sean Astin",
          "count": 5
        },
        {
          "actor": "Hugo Weaving",
          "count": 5
        },
        {
          "actor": "Freddie Highmore",
          "count": 4
        },
        {
          "actor": "Zoe Saldaña",
          "count": 4
        },
        {
          "actor": "Mark Ruffalo",
          "count": 4
        },
        {
          "actor": "Chris Hemsworth",
          "count": 4
        }
      ],
      "moviesByDecade": [
        {
          "decade": "1930s",
          "count": 1
        },
        {
          "decade": "1960s",
          "count": 4
        },
        {
          "decade": "1970s",
          "count": 2
        },
        {
          "decade": "1980s",
          "count": 13
        },
        {
          "decade": "1990s",
          "count": 18
        },
        {
          "decade": "2000s",
          "count": 66
        },
        {
          "decade": "2010s",
          "count": 63
        },
        {
          "decade": "2020s",
          "count": 27
        }
      ],
      "moviesByYear": [
        {
          "year": 2005,
          "count": 10
        },
        {
          "year": 2006,
          "count": 7
        },
        {
          "year": 2007,
          "count": 7
        },
        {
          "year": 2008,
          "count": 9
        },
        {
          "year": 2009,
          "count": 9
        },
        {
          "year": 2010,
          "count": 9
        },
        {
          "year": 2011,
          "count": 9
        },
        {
          "year": 2012,
          "count": 6
        },
        {
          "year": 2013,
          "count": 5
        },
        {
          "year": 2014,
          "count": 7
        },
        {
          "year": 2015,
          "count": 3
        },
        {
          "year": 2016,
          "count": 5
        },
        {
          "year": 2017,
          "count": 7
        },
        {
          "year": 2018,
          "count": 6
        },
        {
          "year": 2019,
          "count": 6
        },
        {
          "year": 2020,
          "count": 1
        },
        {
          "year": 2021,
          "count": 3
        },
        {
          "year": 2022,
          "count": 9
        },
        {
          "year": 2023,
          "count": 7
        },
        {
          "year": 2024,
          "count": 6
        },
        {
          "year": 2025,
          "count": 1
        }
      ],
      "ratingDistribution": [
        {
          "rating": "0-2",
          "imdb": 0,
          "tmdb": 0,
          "rottenTomatoes": 4
        },
        {
          "rating": "2-4",
          "imdb": 0,
          "tmdb": 0,
          "rottenTomatoes": 7
        },
        {
          "rating": "4-6",
          "imdb": 11,
          "tmdb": 7,
          "rottenTomatoes": 14
        },
        {
          "rating": "6-7",
          "imdb": 38,
          "tmdb": 48,
          "rottenTomatoes": 20
        },
        {
          "rating": "7-8",
          "imdb": 82,
          "tmdb": 102,
          "rottenTomatoes": 32
        },
        {
          "rating": "8-9",
          "imdb": 54,
          "tmdb": 35,
          "rottenTomatoes": 42
        },
        {
          "rating": "9-10",
          "imdb": 5,
          "tmdb": 2,
          "rottenTomatoes": 50
        }
      ],
      "ageDistribution": [
        {
          "ageRecommendation": "All Ages",
          "count": 5
        },
        {
          "ageRecommendation": "3+",
          "count": 2
        },
        {
          "ageRecommendation": "6+",
          "count": 21
        },
        {
          "ageRecommendation": "7+",
          "count": 4
        },
        {
          "ageRecommendation": "8+",
          "count": 3
        },
        {
          "ageRecommendation": "10+",
          "count": 3
        },
        {
          "ageRecommendation": "11+",
          "count": 2
        },
        {
          "ageRecommendation": "12+",
          "count": 90
        },
        {
          "ageRecommendation": "13+",
          "count": 4
        },
        {
          "ageRecommendation": "14+",
          "count": 4
        },
        {
          "ageRecommendation": "15+",
          "count": 7
        },
        {
          "ageRecommendation": "16+",
          "count": 43
        }
      ],
      "runtimeDistribution": [
        {
          "runtime": "Under 90 min",
          "count": 15
        },
        {
          "runtime": "90-120 min",
          "count": 82
        },
        {
          "runtime": "120-150 min",
          "count": 70
        },
        {
          "runtime": "150-180 min",
          "count": 21
        },
        {
          "runtime": "Over 180 min",
          "count": 2
        }
      ],
      "moviesAcquiredOverTime": [
        {
          "period": "2006-12",
          "count": 1
        },
        {
          "period": "2007-01",
          "count": 8
        },
        {
          "period": "2007-03",
          "count": 1
        },
        {
          "period": "2008-07",
          "count": 2
        },
        {
          "period": "2010-02",
          "count": 2
        },
        {
          "period": "2012-01",
          "count": 1
        },
        {
          "period": "2013-08",
          "count": 3
        },
        {
          "period": "2024-09",
          "count": 34
        },
        {
          "period": "2024-10",
          "count": 36
        },
        {
          "period": "2024-11",
          "count": 11
        },
        {
          "period": "2024-12",
          "count": 19
        },
        {
          "period": "2025-01",
          "count": 25
        },
        {
          "period": "2025-02",
          "count": 1
        },
        {
          "period": "2025-05",
          "count": 7
        },
        {
          "period": "2025-08",
          "count": 4
        },
        {
          "period": "2025-09",
          "count": 26
        },
        {
          "period": "2025-10",
          "count": 14
        }
      ],
      "genreDirectorBreakdown": [
        {
          "genre": "Adventure",
          "directors": [
            {
              "director": "David Yates",
              "count": 7
            },
            {
              "director": "Steven Spielberg",
              "count": 6
            },
            {
              "director": "Luc Besson",
              "count": 3
            },
            {
              "director": "James Gunn",
              "count": 3
            },
            {
              "director": "Chris Columbus",
              "count": 3
            }
          ]
        },
        {
          "genre": "Action",
          "directors": [
            {
              "director": "Christopher Nolan",
              "count": 6
            },
            {
              "director": "Steven Spielberg",
              "count": 5
            },
            {
              "director": "Andrzej Bartkowiak",
              "count": 3
            },
            {
              "director": "James Gunn",
              "count": 3
            },
            {
              "director": "Guillermo del Toro",
              "count": 3
            }
          ]
        },
        {
          "genre": "Fantasy",
          "directors": [
            {
              "director": "David Yates",
              "count": 7
            },
            {
              "director": "Guillermo del Toro",
              "count": 4
            },
            {
              "director": "Luc Besson",
              "count": 3
            },
            {
              "director": "Chris Columbus",
              "count": 3
            },
            {
              "director": "Peter Jackson",
              "count": 3
            }
          ]
        },
        {
          "genre": "Science Fiction",
          "directors": [
            {
              "director": "Denis Villeneuve",
              "count": 4
            },
            {
              "director": "Christopher Nolan",
              "count": 4
            },
            {
              "director": "Andrzej Bartkowiak",
              "count": 3
            },
            {
              "director": "James Gunn",
              "count": 3
            },
            {
              "director": "Stanley Kubrick",
              "count": 2
            }
          ]
        },
        {
          "genre": "Drama",
          "directors": [
            {
              "director": "Christopher Nolan",
              "count": 7
            },
            {
              "director": "Denis Villeneuve",
              "count": 2
            },
            {
              "director": "Alejandro González Iñárritu",
              "count": 2
            },
            {
              "director": "Martin Scorsese",
              "count": 2
            },
            {
              "director": "M. Night Shyamalan",
              "count": 2
            }
          ]
        },
        {
          "genre": "Comedy",
          "directors": [
            {
              "director": "Paul King",
              "count": 3
            },
            {
              "director": "John Francis Daley",
              "count": 2
            },
            {
              "director": "Jake Kasdan",
              "count": 2
            },
            {
              "director": "Ruben Fleischer",
              "count": 2
            },
            {
              "director": "Jan Kounen",
              "count": 1
            }
          ]
        },
        {
          "genre": "Family",
          "directors": [
            {
              "director": "Luc Besson",
              "count": 3
            },
            {
              "director": "Paul King",
              "count": 3
            },
            {
              "director": "Hayao Miyazaki",
              "count": 2
            },
            {
              "director": "Hiromasa Yonebayashi",
              "count": 1
            },
            {
              "director": "Alain Chabat",
              "count": 1
            }
          ]
        },
        {
          "genre": "Thriller",
          "directors": [
            {
              "director": "Christopher Nolan",
              "count": 3
            },
            {
              "director": "John McTiernan",
              "count": 2
            },
            {
              "director": "M. Night Shyamalan",
              "count": 2
            },
            {
              "director": "Paul Greengrass",
              "count": 2
            },
            {
              "director": "Ridley Scott",
              "count": 1
            }
          ]
        },
        {
          "genre": "Mystery",
          "directors": [
            {
              "director": "Stanley Kubrick",
              "count": 2
            },
            {
              "director": "M. Night Shyamalan",
              "count": 2
            },
            {
              "director": "Guy Ritchie",
              "count": 2
            },
            {
              "director": "Denis Villeneuve",
              "count": 1
            },
            {
              "director": "Ron Howard",
              "count": 1
            }
          ]
        },
        {
          "genre": "Horror",
          "directors": [
            {
              "director": "Andrzej Bartkowiak",
              "count": 3
            },
            {
              "director": "Ruben Fleischer",
              "count": 2
            },
            {
              "director": "Ridley Scott",
              "count": 1
            },
            {
              "director": "Takashi Yamazaki",
              "count": 1
            },
            {
              "director": "Christophe Gans",
              "count": 1
            }
          ]
        }
      ],
      "pricePercentiles": {
        "p10": 2.5,
        "p25": 5,
        "p50": 12,
        "p75": 16.9,
        "p90": 23,
        "p95": 30,
        "p99": 124,
        "min": 1.18,
        "max": 1000
      },
      "priceDistribution": [
        {
          "range": "0-1",
          "count": 0,
          "rangeStart": 0
        },
        {
          "range": "1-2",
          "count": 11,
          "rangeStart": 1
        },
        {
          "range": "2-3",
          "count": 5,
          "rangeStart": 2
        },
        {
          "range": "3-4",
          "count": 4,
          "rangeStart": 3
        },
        {
          "range": "4-5",
          "count": 5,
          "rangeStart": 4
        },
        {
          "range": "5-6",
          "count": 12,
          "rangeStart": 5
        },
        {
          "range": "6-7",
          "count": 3,
          "rangeStart": 6
        },
        {
          "range": "7-8",
          "count": 2,
          "rangeStart": 7
        },
        {
          "range": "8-9",
          "count": 6,
          "rangeStart": 8
        },
        {
          "range": "9-10",
          "count": 2,
          "rangeStart": 9
        },
        {
          "range": "10-11",
          "count": 14,
          "rangeStart": 10
        },
        {
          "range": "11-12",
          "count": 0,
          "rangeStart": 11
        },
        {
          "range": "12-13",
          "count": 7,
          "rangeStart": 12
        },
        {
          "range": "13-14",
          "count": 3,
          "rangeStart": 13
        },
        {
          "range": "14-15",
          "count": 6,
          "rangeStart": 14
        },
        {
          "range": "15-16",
          "count": 4,
          "rangeStart": 15
        },
        {
          "range": "16-17",
          "count": 18,
          "rangeStart": 16
        },
        {
          "range": "17-18",
          "count": 0,
          "rangeStart": 17
        },
        {
          "range": "18-19",
          "count": 4,
          "rangeStart": 18
        },
        {
          "range": "19-20",
          "count": 4,
          "rangeStart": 19
        },
        {
          "range": "20-21",
          "count": 3,
          "rangeStart": 20
        },
        {
          "range": "21-22",
          "count": 1,
          "rangeStart": 21
        },
        {
          "range": "22-23",
          "count": 1,
          "rangeStart": 22
        },
        {
          "range": "23-24",
          "count": 3,
          "rangeStart": 23
        },
        {
          "range": "24-25",
          "count": 0,
          "rangeStart": 24
        },
        {
          "range": "25-26",
          "count": 0,
          "rangeStart": 25
        },
        {
          "range": "26-27",
          "count": 4,
          "rangeStart": 26
        },
        {
          "range": "27-28",
          "count": 1,
          "rangeStart": 27
        },
        {
          "range": "28-29",
          "count": 0,
          "rangeStart": 28
        },
        {
          "range": "29-30",
          "count": 0,
          "rangeStart": 29
        },
        {
          "range": "30-31",
          "count": 2,
          "rangeStart": 30
        },
        {
          "range": "31-32",
          "count": 0,
          "rangeStart": 31
        },
        {
          "range": "32-33",
          "count": 0,
          "rangeStart": 32
        },
        {
          "range": "33-34",
          "count": 0,
          "rangeStart": 33
        },
        {
          "range": "34-35",
          "count": 0,
          "rangeStart": 34
        },
        {
          "range": "35-36",
          "count": 0,
          "rangeStart": 35
        },
        {
          "range": "36-37",
          "count": 0,
          "rangeStart": 36
        },
        {
          "range": "37-38",
          "count": 0,
          "rangeStart": 37
        },
        {
          "range": "38-39",
          "count": 0,
          "rangeStart": 38
        },
        {
          "range": "39-40",
          "count": 0,
          "rangeStart": 39
        },
        {
          "range": "40-41",
          "count": 0,
          "rangeStart": 40
        },
        {
          "range": "41-42",
          "count": 0,
          "rangeStart": 41
        },
        {
          "range": "42-43",
          "count": 0,
          "rangeStart": 42
        },
        {
          "range": "43-44",
          "count": 0,
          "rangeStart": 43
        },
        {
          "range": "44-45",
          "count": 0,
          "rangeStart": 44
        },
        {
          "range": "45-46",
          "count": 0,
          "rangeStart": 45
        },
        {
          "range": "46-47",
          "count": 0,
          "rangeStart": 46
        },
        {
          "range": "47-48",
          "count": 0,
          "rangeStart": 47
        },
        {
          "range": "48-49",
          "count": 0,
          "rangeStart": 48
        },
        {
          "range": "49-50",
          "count": 0,
          "rangeStart": 49
        },
        {
          "range": "50-51",
          "count": 0,
          "rangeStart": 50
        },
        {
          "range": "51-52",
          "count": 0,
          "rangeStart": 51
        },
        {
          "range": "52-53",
          "count": 0,
          "rangeStart": 52
        },
        {
          "range": "53-54",
          "count": 0,
          "rangeStart": 53
        },
        {
          "range": "54-55",
          "count": 0,
          "rangeStart": 54
        },
        {
          "range": "55-56",
          "count": 0,
          "rangeStart": 55
        },
        {
          "range": "56-57",
          "count": 0,
          "rangeStart": 56
        },
        {
          "range": "57-58",
          "count": 0,
          "rangeStart": 57
        },
        {
          "range": "58-59",
          "count": 0,
          "rangeStart": 58
        },
        {
          "range": "59-60",
          "count": 1,
          "rangeStart": 59
        },
        {
          "range": "60-61",
          "count": 1,
          "rangeStart": 60
        },
        {
          "range": "61-62",
          "count": 0,
          "rangeStart": 61
        },
        {
          "range": "62-63",
          "count": 0,
          "rangeStart": 62
        },
        {
          "range": "63-64",
          "count": 0,
          "rangeStart": 63
        },
        {
          "range": "64-65",
          "count": 0,
          "rangeStart": 64
        },
        {
          "range": "65-66",
          "count": 0,
          "rangeStart": 65
        },
        {
          "range": "66-67",
          "count": 0,
          "rangeStart": 66
        },
        {
          "range": "67-68",
          "count": 0,
          "rangeStart": 67
        },
        {
          "range": "68-69",
          "count": 0,
          "rangeStart": 68
        },
        {
          "range": "69-70",
          "count": 0,
          "rangeStart": 69
        },
        {
          "range": "70-71",
          "count": 0,
          "rangeStart": 70
        },
        {
          "range": "71-72",
          "count": 0,
          "rangeStart": 71
        },
        {
          "range": "72-73",
          "count": 0,
          "rangeStart": 72
        },
        {
          "range": "73-74",
          "count": 0,
          "rangeStart": 73
        },
        {
          "range": "74-75",
          "count": 0,
          "rangeStart": 74
        },
        {
          "range": "75-76",
          "count": 0,
          "rangeStart": 75
        },
        {
          "range": "76-77",
          "count": 0,
          "rangeStart": 76
        },
        {
          "range": "77-78",
          "count": 0,
          "rangeStart": 77
        },
        {
          "range": "78-79",
          "count": 0,
          "rangeStart": 78
        },
        {
          "range": "79-80",
          "count": 0,
          "rangeStart": 79
        },
        {
          "range": "80-81",
          "count": 0,
          "rangeStart": 80
        },
        {
          "range": "81-82",
          "count": 0,
          "rangeStart": 81
        },
        {
          "range": "82-83",
          "count": 0,
          "rangeStart": 82
        },
        {
          "range": "83-84",
          "count": 0,
          "rangeStart": 83
        },
        {
          "range": "84-85",
          "count": 0,
          "rangeStart": 84
        },
        {
          "range": "85-86",
          "count": 0,
          "rangeStart": 85
        },
        {
          "range": "86-87",
          "count": 0,
          "rangeStart": 86
        },
        {
          "range": "87-88",
          "count": 0,
          "rangeStart": 87
        },
        {
          "range": "88-89",
          "count": 0,
          "rangeStart": 88
        },
        {
          "range": "89-90",
          "count": 0,
          "rangeStart": 89
        },
        {
          "range": "90-91",
          "count": 0,
          "rangeStart": 90
        },
        {
          "range": "91-92",
          "count": 0,
          "rangeStart": 91
        },
        {
          "range": "92-93",
          "count": 0,
          "rangeStart": 92
        },
        {
          "range": "93-94",
          "count": 0,
          "rangeStart": 93
        },
        {
          "range": "94-95",
          "count": 0,
          "rangeStart": 94
        },
        {
          "range": "95-96",
          "count": 0,
          "rangeStart": 95
        },
        {
          "range": "96-97",
          "count": 0,
          "rangeStart": 96
        },
        {
          "range": "97-98",
          "count": 0,
          "rangeStart": 97
        },
        {
          "range": "98-99",
          "count": 0,
          "rangeStart": 98
        },
        {
          "range": "99-100",
          "count": 1,
          "rangeStart": 99
        },
        {
          "range": "100-101",
          "count": 0,
          "rangeStart": 100
        },
        {
          "range": "101-102",
          "count": 0,
          "rangeStart": 101
        },
        {
          "range": "102-103",
          "count": 0,
          "rangeStart": 102
        },
        {
          "range": "103-104",
          "count": 0,
          "rangeStart": 103
        },
        {
          "range": "104-105",
          "count": 0,
          "rangeStart": 104
        },
        {
          "range": "105-106",
          "count": 0,
          "rangeStart": 105
        },
        {
          "range": "106-107",
          "count": 0,
          "rangeStart": 106
        },
        {
          "range": "107-108",
          "count": 0,
          "rangeStart": 107
        },
        {
          "range": "108-109",
          "count": 0,
          "rangeStart": 108
        },
        {
          "range": "109-110",
          "count": 0,
          "rangeStart": 109
        },
        {
          "range": "110-111",
          "count": 0,
          "rangeStart": 110
        },
        {
          "range": "111-112",
          "count": 0,
          "rangeStart": 111
        },
        {
          "range": "112-113",
          "count": 0,
          "rangeStart": 112
        },
        {
          "range": "113-114",
          "count": 0,
          "rangeStart": 113
        },
        {
          "range": "114-115",
          "count": 0,
          "rangeStart": 114
        },
        {
          "range": "115-116",
          "count": 0,
          "rangeStart": 115
        },
        {
          "range": "116-117",
          "count": 0,
          "rangeStart": 116
        },
        {
          "range": "117-118",
          "count": 0,
          "rangeStart": 117
        },
        {
          "range": "118-119",
          "count": 0,
          "rangeStart": 118
        },
        {
          "range": "119-120",
          "count": 0,
          "rangeStart": 119
        },
        {
          "range": "120-121",
          "count": 1,
          "rangeStart": 120
        },
        {
          "range": "121-122",
          "count": 0,
          "rangeStart": 121
        },
        {
          "range": "122-123",
          "count": 0,
          "rangeStart": 122
        },
        {
          "range": "123-124",
          "count": 0,
          "rangeStart": 123
        },
        {
          "range": "124-125",
          "count": 1,
          "rangeStart": 124
        },
        {
          "range": "125-126",
          "count": 0,
          "rangeStart": 125
        },
        {
          "range": "126-127",
          "count": 0,
          "rangeStart": 126
        },
        {
          "range": "127-128",
          "count": 0,
          "rangeStart": 127
        },
        {
          "range": "128-129",
          "count": 0,
          "rangeStart": 128
        },
        {
          "range": "129-130",
          "count": 0,
          "rangeStart": 129
        },
        {
          "range": "130-131",
          "count": 0,
          "rangeStart": 130
        },
        {
          "range": "131-132",
          "count": 0,
          "rangeStart": 131
        },
        {
          "range": "132-133",
          "count": 0,
          "rangeStart": 132
        },
        {
          "range": "133-134",
          "count": 0,
          "rangeStart": 133
        },
        {
          "range": "134-135",
          "count": 0,
          "rangeStart": 134
        },
        {
          "range": "135-136",
          "count": 0,
          "rangeStart": 135
        },
        {
          "range": "136-137",
          "count": 0,
          "rangeStart": 136
        },
        {
          "range": "137-138",
          "count": 0,
          "rangeStart": 137
        },
        {
          "range": "138-139",
          "count": 0,
          "rangeStart": 138
        },
        {
          "range": "139-140",
          "count": 0,
          "rangeStart": 139
        },
        {
          "range": "140-141",
          "count": 0,
          "rangeStart": 140
        },
        {
          "range": "141-142",
          "count": 0,
          "rangeStart": 141
        },
        {
          "range": "142-143",
          "count": 0,
          "rangeStart": 142
        },
        {
          "range": "143-144",
          "count": 0,
          "rangeStart": 143
        },
        {
          "range": "144-145",
          "count": 0,
          "rangeStart": 144
        },
        {
          "range": "145-146",
          "count": 0,
          "rangeStart": 145
        },
        {
          "range": "146-147",
          "count": 0,
          "rangeStart": 146
        },
        {
          "range": "147-148",
          "count": 0,
          "rangeStart": 147
        },
        {
          "range": "148-149",
          "count": 0,
          "rangeStart": 148
        },
        {
          "range": "149-150",
          "count": 0,
          "rangeStart": 149
        },
        {
          "range": "150-151",
          "count": 0,
          "rangeStart": 150
        },
        {
          "range": "151-152",
          "count": 0,
          "rangeStart": 151
        },
        {
          "range": "152-153",
          "count": 0,
          "rangeStart": 152
        },
        {
          "range": "153-154",
          "count": 0,
          "rangeStart": 153
        },
        {
          "range": "154-155",
          "count": 0,
          "rangeStart": 154
        },
        {
          "range": "155-156",
          "count": 0,
          "rangeStart": 155
        },
        {
          "range": "156-157",
          "count": 0,
          "rangeStart": 156
        },
        {
          "range": "157-158",
          "count": 0,
          "rangeStart": 157
        },
        {
          "range": "158-159",
          "count": 0,
          "rangeStart": 158
        },
        {
          "range": "159-160",
          "count": 0,
          "rangeStart": 159
        },
        {
          "range": "160-161",
          "count": 0,
          "rangeStart": 160
        },
        {
          "range": "161-162",
          "count": 0,
          "rangeStart": 161
        },
        {
          "range": "162-163",
          "count": 0,
          "rangeStart": 162
        },
        {
          "range": "163-164",
          "count": 0,
          "rangeStart": 163
        },
        {
          "range": "164-165",
          "count": 0,
          "rangeStart": 164
        },
        {
          "range": "165-166",
          "count": 0,
          "rangeStart": 165
        },
        {
          "range": "166-167",
          "count": 0,
          "rangeStart": 166
        },
        {
          "range": "167-168",
          "count": 0,
          "rangeStart": 167
        },
        {
          "range": "168-169",
          "count": 0,
          "rangeStart": 168
        },
        {
          "range": "169-170",
          "count": 0,
          "rangeStart": 169
        },
        {
          "range": "170-171",
          "count": 0,
          "rangeStart": 170
        },
        {
          "range": "171-172",
          "count": 0,
          "rangeStart": 171
        },
        {
          "range": "172-173",
          "count": 0,
          "rangeStart": 172
        },
        {
          "range": "173-174",
          "count": 0,
          "rangeStart": 173
        },
        {
          "range": "174-175",
          "count": 0,
          "rangeStart": 174
        },
        {
          "range": "175-176",
          "count": 0,
          "rangeStart": 175
        },
        {
          "range": "176-177",
          "count": 0,
          "rangeStart": 176
        },
        {
          "range": "177-178",
          "count": 0,
          "rangeStart": 177
        },
        {
          "range": "178-179",
          "count": 0,
          "rangeStart": 178
        },
        {
          "range": "179-180",
          "count": 0,
          "rangeStart": 179
        },
        {
          "range": "180-181",
          "count": 0,
          "rangeStart": 180
        },
        {
          "range": "181-182",
          "count": 0,
          "rangeStart": 181
        },
        {
          "range": "182-183",
          "count": 0,
          "rangeStart": 182
        },
        {
          "range": "183-184",
          "count": 0,
          "rangeStart": 183
        },
        {
          "range": "184-185",
          "count": 0,
          "rangeStart": 184
        },
        {
          "range": "185-186",
          "count": 0,
          "rangeStart": 185
        },
        {
          "range": "186-187",
          "count": 0,
          "rangeStart": 186
        },
        {
          "range": "187-188",
          "count": 0,
          "rangeStart": 187
        },
        {
          "range": "188-189",
          "count": 0,
          "rangeStart": 188
        },
        {
          "range": "189-190",
          "count": 0,
          "rangeStart": 189
        },
        {
          "range": "190-191",
          "count": 0,
          "rangeStart": 190
        },
        {
          "range": "191-192",
          "count": 0,
          "rangeStart": 191
        },
        {
          "range": "192-193",
          "count": 0,
          "rangeStart": 192
        },
        {
          "range": "193-194",
          "count": 0,
          "rangeStart": 193
        },
        {
          "range": "194-195",
          "count": 0,
          "rangeStart": 194
        },
        {
          "range": "195-196",
          "count": 0,
          "rangeStart": 195
        },
        {
          "range": "196-197",
          "count": 0,
          "rangeStart": 196
        },
        {
          "range": "197-198",
          "count": 0,
          "rangeStart": 197
        },
        {
          "range": "198-199",
          "count": 0,
          "rangeStart": 198
        },
        {
          "range": "199-200",
          "count": 0,
          "rangeStart": 199
        },
        {
          "range": "200-201",
          "count": 0,
          "rangeStart": 200
        },
        {
          "range": "201-202",
          "count": 0,
          "rangeStart": 201
        },
        {
          "range": "202-203",
          "count": 0,
          "rangeStart": 202
        },
        {
          "range": "203-204",
          "count": 0,
          "rangeStart": 203
        },
        {
          "range": "204-205",
          "count": 0,
          "rangeStart": 204
        },
        {
          "range": "205-206",
          "count": 0,
          "rangeStart": 205
        },
        {
          "range": "206-207",
          "count": 0,
          "rangeStart": 206
        },
        {
          "range": "207-208",
          "count": 0,
          "rangeStart": 207
        },
        {
          "range": "208-209",
          "count": 0,
          "rangeStart": 208
        },
        {
          "range": "209-210",
          "count": 0,
          "rangeStart": 209
        },
        {
          "range": "210-211",
          "count": 0,
          "rangeStart": 210
        },
        {
          "range": "211-212",
          "count": 0,
          "rangeStart": 211
        },
        {
          "range": "212-213",
          "count": 0,
          "rangeStart": 212
        },
        {
          "range": "213-214",
          "count": 0,
          "rangeStart": 213
        },
        {
          "range": "214-215",
          "count": 0,
          "rangeStart": 214
        },
        {
          "range": "215-216",
          "count": 0,
          "rangeStart": 215
        },
        {
          "range": "216-217",
          "count": 0,
          "rangeStart": 216
        },
        {
          "range": "217-218",
          "count": 0,
          "rangeStart": 217
        },
        {
          "range": "218-219",
          "count": 0,
          "rangeStart": 218
        },
        {
          "range": "219-220",
          "count": 0,
          "rangeStart": 219
        },
        {
          "range": "220-221",
          "count": 0,
          "rangeStart": 220
        },
        {
          "range": "221-222",
          "count": 0,
          "rangeStart": 221
        },
        {
          "range": "222-223",
          "count": 0,
          "rangeStart": 222
        },
        {
          "range": "223-224",
          "count": 0,
          "rangeStart": 223
        },
        {
          "range": "224-225",
          "count": 0,
          "rangeStart": 224
        },
        {
          "range": "225-226",
          "count": 0,
          "rangeStart": 225
        },
        {
          "range": "226-227",
          "count": 0,
          "rangeStart": 226
        },
        {
          "range": "227-228",
          "count": 0,
          "rangeStart": 227
        },
        {
          "range": "228-229",
          "count": 0,
          "rangeStart": 228
        },
        {
          "range": "229-230",
          "count": 0,
          "rangeStart": 229
        },
        {
          "range": "230-231",
          "count": 0,
          "rangeStart": 230
        },
        {
          "range": "231-232",
          "count": 0,
          "rangeStart": 231
        },
        {
          "range": "232-233",
          "count": 0,
          "rangeStart": 232
        },
        {
          "range": "233-234",
          "count": 0,
          "rangeStart": 233
        },
        {
          "range": "234-235",
          "count": 0,
          "rangeStart": 234
        },
        {
          "range": "235-236",
          "count": 0,
          "rangeStart": 235
        },
        {
          "range": "236-237",
          "count": 0,
          "rangeStart": 236
        },
        {
          "range": "237-238",
          "count": 0,
          "rangeStart": 237
        },
        {
          "range": "238-239",
          "count": 0,
          "rangeStart": 238
        },
        {
          "range": "239-240",
          "count": 0,
          "rangeStart": 239
        },
        {
          "range": "240-241",
          "count": 0,
          "rangeStart": 240
        },
        {
          "range": "241-242",
          "count": 0,
          "rangeStart": 241
        },
        {
          "range": "242-243",
          "count": 0,
          "rangeStart": 242
        },
        {
          "range": "243-244",
          "count": 0,
          "rangeStart": 243
        },
        {
          "range": "244-245",
          "count": 0,
          "rangeStart": 244
        },
        {
          "range": "245-246",
          "count": 0,
          "rangeStart": 245
        },
        {
          "range": "246-247",
          "count": 0,
          "rangeStart": 246
        },
        {
          "range": "247-248",
          "count": 0,
          "rangeStart": 247
        },
        {
          "range": "248-249",
          "count": 0,
          "rangeStart": 248
        },
        {
          "range": "249-250",
          "count": 0,
          "rangeStart": 249
        },
        {
          "range": "250-251",
          "count": 0,
          "rangeStart": 250
        },
        {
          "range": "251-252",
          "count": 0,
          "rangeStart": 251
        },
        {
          "range": "252-253",
          "count": 0,
          "rangeStart": 252
        },
        {
          "range": "253-254",
          "count": 0,
          "rangeStart": 253
        },
        {
          "range": "254-255",
          "count": 0,
          "rangeStart": 254
        },
        {
          "range": "255-256",
          "count": 0,
          "rangeStart": 255
        },
        {
          "range": "256-257",
          "count": 0,
          "rangeStart": 256
        },
        {
          "range": "257-258",
          "count": 0,
          "rangeStart": 257
        },
        {
          "range": "258-259",
          "count": 0,
          "rangeStart": 258
        },
        {
          "range": "259-260",
          "count": 0,
          "rangeStart": 259
        },
        {
          "range": "260-261",
          "count": 0,
          "rangeStart": 260
        },
        {
          "range": "261-262",
          "count": 0,
          "rangeStart": 261
        },
        {
          "range": "262-263",
          "count": 0,
          "rangeStart": 262
        },
        {
          "range": "263-264",
          "count": 0,
          "rangeStart": 263
        },
        {
          "range": "264-265",
          "count": 0,
          "rangeStart": 264
        },
        {
          "range": "265-266",
          "count": 0,
          "rangeStart": 265
        },
        {
          "range": "266-267",
          "count": 0,
          "rangeStart": 266
        },
        {
          "range": "267-268",
          "count": 0,
          "rangeStart": 267
        },
        {
          "range": "268-269",
          "count": 0,
          "rangeStart": 268
        },
        {
          "range": "269-270",
          "count": 0,
          "rangeStart": 269
        },
        {
          "range": "270-271",
          "count": 0,
          "rangeStart": 270
        },
        {
          "range": "271-272",
          "count": 0,
          "rangeStart": 271
        },
        {
          "range": "272-273",
          "count": 0,
          "rangeStart": 272
        },
        {
          "range": "273-274",
          "count": 0,
          "rangeStart": 273
        },
        {
          "range": "274-275",
          "count": 0,
          "rangeStart": 274
        },
        {
          "range": "275-276",
          "count": 0,
          "rangeStart": 275
        },
        {
          "range": "276-277",
          "count": 0,
          "rangeStart": 276
        },
        {
          "range": "277-278",
          "count": 0,
          "rangeStart": 277
        },
        {
          "range": "278-279",
          "count": 0,
          "rangeStart": 278
        },
        {
          "range": "279-280",
          "count": 0,
          "rangeStart": 279
        },
        {
          "range": "280-281",
          "count": 0,
          "rangeStart": 280
        },
        {
          "range": "281-282",
          "count": 0,
          "rangeStart": 281
        },
        {
          "range": "282-283",
          "count": 0,
          "rangeStart": 282
        },
        {
          "range": "283-284",
          "count": 0,
          "rangeStart": 283
        },
        {
          "range": "284-285",
          "count": 0,
          "rangeStart": 284
        },
        {
          "range": "285-286",
          "count": 0,
          "rangeStart": 285
        },
        {
          "range": "286-287",
          "count": 0,
          "rangeStart": 286
        },
        {
          "range": "287-288",
          "count": 0,
          "rangeStart": 287
        },
        {
          "range": "288-289",
          "count": 0,
          "rangeStart": 288
        },
        {
          "range": "289-290",
          "count": 0,
          "rangeStart": 289
        },
        {
          "range": "290-291",
          "count": 0,
          "rangeStart": 290
        },
        {
          "range": "291-292",
          "count": 0,
          "rangeStart": 291
        },
        {
          "range": "292-293",
          "count": 0,
          "rangeStart": 292
        },
        {
          "range": "293-294",
          "count": 0,
          "rangeStart": 293
        },
        {
          "range": "294-295",
          "count": 0,
          "rangeStart": 294
        },
        {
          "range": "295-296",
          "count": 0,
          "rangeStart": 295
        },
        {
          "range": "296-297",
          "count": 0,
          "rangeStart": 296
        },
        {
          "range": "297-298",
          "count": 0,
          "rangeStart": 297
        },
        {
          "range": "298-299",
          "count": 0,
          "rangeStart": 298
        },
        {
          "range": "299-300",
          "count": 0,
          "rangeStart": 299
        },
        {
          "range": "300-301",
          "count": 0,
          "rangeStart": 300
        },
        {
          "range": "301-302",
          "count": 0,
          "rangeStart": 301
        },
        {
          "range": "302-303",
          "count": 0,
          "rangeStart": 302
        },
        {
          "range": "303-304",
          "count": 0,
          "rangeStart": 303
        },
        {
          "range": "304-305",
          "count": 0,
          "rangeStart": 304
        },
        {
          "range": "305-306",
          "count": 0,
          "rangeStart": 305
        },
        {
          "range": "306-307",
          "count": 0,
          "rangeStart": 306
        },
        {
          "range": "307-308",
          "count": 0,
          "rangeStart": 307
        },
        {
          "range": "308-309",
          "count": 0,
          "rangeStart": 308
        },
        {
          "range": "309-310",
          "count": 0,
          "rangeStart": 309
        },
        {
          "range": "310-311",
          "count": 0,
          "rangeStart": 310
        },
        {
          "range": "311-312",
          "count": 0,
          "rangeStart": 311
        },
        {
          "range": "312-313",
          "count": 0,
          "rangeStart": 312
        },
        {
          "range": "313-314",
          "count": 0,
          "rangeStart": 313
        },
        {
          "range": "314-315",
          "count": 0,
          "rangeStart": 314
        },
        {
          "range": "315-316",
          "count": 0,
          "rangeStart": 315
        },
        {
          "range": "316-317",
          "count": 0,
          "rangeStart": 316
        },
        {
          "range": "317-318",
          "count": 0,
          "rangeStart": 317
        },
        {
          "range": "318-319",
          "count": 0,
          "rangeStart": 318
        },
        {
          "range": "319-320",
          "count": 0,
          "rangeStart": 319
        },
        {
          "range": "320-321",
          "count": 0,
          "rangeStart": 320
        },
        {
          "range": "321-322",
          "count": 0,
          "rangeStart": 321
        },
        {
          "range": "322-323",
          "count": 0,
          "rangeStart": 322
        },
        {
          "range": "323-324",
          "count": 0,
          "rangeStart": 323
        },
        {
          "range": "324-325",
          "count": 0,
          "rangeStart": 324
        },
        {
          "range": "325-326",
          "count": 0,
          "rangeStart": 325
        },
        {
          "range": "326-327",
          "count": 0,
          "rangeStart": 326
        },
        {
          "range": "327-328",
          "count": 0,
          "rangeStart": 327
        },
        {
          "range": "328-329",
          "count": 0,
          "rangeStart": 328
        },
        {
          "range": "329-330",
          "count": 0,
          "rangeStart": 329
        },
        {
          "range": "330-331",
          "count": 0,
          "rangeStart": 330
        },
        {
          "range": "331-332",
          "count": 0,
          "rangeStart": 331
        },
        {
          "range": "332-333",
          "count": 0,
          "rangeStart": 332
        },
        {
          "range": "333-334",
          "count": 0,
          "rangeStart": 333
        },
        {
          "range": "334-335",
          "count": 0,
          "rangeStart": 334
        },
        {
          "range": "335-336",
          "count": 0,
          "rangeStart": 335
        },
        {
          "range": "336-337",
          "count": 0,
          "rangeStart": 336
        },
        {
          "range": "337-338",
          "count": 0,
          "rangeStart": 337
        },
        {
          "range": "338-339",
          "count": 0,
          "rangeStart": 338
        },
        {
          "range": "339-340",
          "count": 0,
          "rangeStart": 339
        },
        {
          "range": "340-341",
          "count": 0,
          "rangeStart": 340
        },
        {
          "range": "341-342",
          "count": 0,
          "rangeStart": 341
        },
        {
          "range": "342-343",
          "count": 0,
          "rangeStart": 342
        },
        {
          "range": "343-344",
          "count": 0,
          "rangeStart": 343
        },
        {
          "range": "344-345",
          "count": 0,
          "rangeStart": 344
        },
        {
          "range": "345-346",
          "count": 0,
          "rangeStart": 345
        },
        {
          "range": "346-347",
          "count": 0,
          "rangeStart": 346
        },
        {
          "range": "347-348",
          "count": 0,
          "rangeStart": 347
        },
        {
          "range": "348-349",
          "count": 0,
          "rangeStart": 348
        },
        {
          "range": "349-350",
          "count": 0,
          "rangeStart": 349
        },
        {
          "range": "350-351",
          "count": 0,
          "rangeStart": 350
        },
        {
          "range": "351-352",
          "count": 0,
          "rangeStart": 351
        },
        {
          "range": "352-353",
          "count": 0,
          "rangeStart": 352
        },
        {
          "range": "353-354",
          "count": 0,
          "rangeStart": 353
        },
        {
          "range": "354-355",
          "count": 0,
          "rangeStart": 354
        },
        {
          "range": "355-356",
          "count": 0,
          "rangeStart": 355
        },
        {
          "range": "356-357",
          "count": 0,
          "rangeStart": 356
        },
        {
          "range": "357-358",
          "count": 0,
          "rangeStart": 357
        },
        {
          "range": "358-359",
          "count": 0,
          "rangeStart": 358
        },
        {
          "range": "359-360",
          "count": 0,
          "rangeStart": 359
        },
        {
          "range": "360-361",
          "count": 0,
          "rangeStart": 360
        },
        {
          "range": "361-362",
          "count": 0,
          "rangeStart": 361
        },
        {
          "range": "362-363",
          "count": 0,
          "rangeStart": 362
        },
        {
          "range": "363-364",
          "count": 0,
          "rangeStart": 363
        },
        {
          "range": "364-365",
          "count": 0,
          "rangeStart": 364
        },
        {
          "range": "365-366",
          "count": 0,
          "rangeStart": 365
        },
        {
          "range": "366-367",
          "count": 0,
          "rangeStart": 366
        },
        {
          "range": "367-368",
          "count": 0,
          "rangeStart": 367
        },
        {
          "range": "368-369",
          "count": 0,
          "rangeStart": 368
        },
        {
          "range": "369-370",
          "count": 0,
          "rangeStart": 369
        },
        {
          "range": "370-371",
          "count": 0,
          "rangeStart": 370
        },
        {
          "range": "371-372",
          "count": 0,
          "rangeStart": 371
        },
        {
          "range": "372-373",
          "count": 0,
          "rangeStart": 372
        },
        {
          "range": "373-374",
          "count": 0,
          "rangeStart": 373
        },
        {
          "range": "374-375",
          "count": 0,
          "rangeStart": 374
        },
        {
          "range": "375-376",
          "count": 0,
          "rangeStart": 375
        },
        {
          "range": "376-377",
          "count": 0,
          "rangeStart": 376
        },
        {
          "range": "377-378",
          "count": 0,
          "rangeStart": 377
        },
        {
          "range": "378-379",
          "count": 0,
          "rangeStart": 378
        },
        {
          "range": "379-380",
          "count": 0,
          "rangeStart": 379
        },
        {
          "range": "380-381",
          "count": 0,
          "rangeStart": 380
        },
        {
          "range": "381-382",
          "count": 0,
          "rangeStart": 381
        },
        {
          "range": "382-383",
          "count": 0,
          "rangeStart": 382
        },
        {
          "range": "383-384",
          "count": 0,
          "rangeStart": 383
        },
        {
          "range": "384-385",
          "count": 0,
          "rangeStart": 384
        },
        {
          "range": "385-386",
          "count": 0,
          "rangeStart": 385
        },
        {
          "range": "386-387",
          "count": 0,
          "rangeStart": 386
        },
        {
          "range": "387-388",
          "count": 0,
          "rangeStart": 387
        },
        {
          "range": "388-389",
          "count": 0,
          "rangeStart": 388
        },
        {
          "range": "389-390",
          "count": 0,
          "rangeStart": 389
        },
        {
          "range": "390-391",
          "count": 0,
          "rangeStart": 390
        },
        {
          "range": "391-392",
          "count": 0,
          "rangeStart": 391
        },
        {
          "range": "392-393",
          "count": 0,
          "rangeStart": 392
        },
        {
          "range": "393-394",
          "count": 0,
          "rangeStart": 393
        },
        {
          "range": "394-395",
          "count": 0,
          "rangeStart": 394
        },
        {
          "range": "395-396",
          "count": 0,
          "rangeStart": 395
        },
        {
          "range": "396-397",
          "count": 0,
          "rangeStart": 396
        },
        {
          "range": "397-398",
          "count": 0,
          "rangeStart": 397
        },
        {
          "range": "398-399",
          "count": 0,
          "rangeStart": 398
        },
        {
          "range": "399-400",
          "count": 0,
          "rangeStart": 399
        },
        {
          "range": "400-401",
          "count": 0,
          "rangeStart": 400
        },
        {
          "range": "401-402",
          "count": 0,
          "rangeStart": 401
        },
        {
          "range": "402-403",
          "count": 0,
          "rangeStart": 402
        },
        {
          "range": "403-404",
          "count": 0,
          "rangeStart": 403
        },
        {
          "range": "404-405",
          "count": 0,
          "rangeStart": 404
        },
        {
          "range": "405-406",
          "count": 0,
          "rangeStart": 405
        },
        {
          "range": "406-407",
          "count": 0,
          "rangeStart": 406
        },
        {
          "range": "407-408",
          "count": 0,
          "rangeStart": 407
        },
        {
          "range": "408-409",
          "count": 0,
          "rangeStart": 408
        },
        {
          "range": "409-410",
          "count": 0,
          "rangeStart": 409
        },
        {
          "range": "410-411",
          "count": 0,
          "rangeStart": 410
        },
        {
          "range": "411-412",
          "count": 0,
          "rangeStart": 411
        },
        {
          "range": "412-413",
          "count": 0,
          "rangeStart": 412
        },
        {
          "range": "413-414",
          "count": 0,
          "rangeStart": 413
        },
        {
          "range": "414-415",
          "count": 0,
          "rangeStart": 414
        },
        {
          "range": "415-416",
          "count": 0,
          "rangeStart": 415
        },
        {
          "range": "416-417",
          "count": 0,
          "rangeStart": 416
        },
        {
          "range": "417-418",
          "count": 0,
          "rangeStart": 417
        },
        {
          "range": "418-419",
          "count": 0,
          "rangeStart": 418
        },
        {
          "range": "419-420",
          "count": 0,
          "rangeStart": 419
        },
        {
          "range": "420-421",
          "count": 0,
          "rangeStart": 420
        },
        {
          "range": "421-422",
          "count": 0,
          "rangeStart": 421
        },
        {
          "range": "422-423",
          "count": 0,
          "rangeStart": 422
        },
        {
          "range": "423-424",
          "count": 0,
          "rangeStart": 423
        },
        {
          "range": "424-425",
          "count": 0,
          "rangeStart": 424
        },
        {
          "range": "425-426",
          "count": 0,
          "rangeStart": 425
        },
        {
          "range": "426-427",
          "count": 0,
          "rangeStart": 426
        },
        {
          "range": "427-428",
          "count": 0,
          "rangeStart": 427
        },
        {
          "range": "428-429",
          "count": 0,
          "rangeStart": 428
        },
        {
          "range": "429-430",
          "count": 0,
          "rangeStart": 429
        },
        {
          "range": "430-431",
          "count": 0,
          "rangeStart": 430
        },
        {
          "range": "431-432",
          "count": 0,
          "rangeStart": 431
        },
        {
          "range": "432-433",
          "count": 0,
          "rangeStart": 432
        },
        {
          "range": "433-434",
          "count": 0,
          "rangeStart": 433
        },
        {
          "range": "434-435",
          "count": 0,
          "rangeStart": 434
        },
        {
          "range": "435-436",
          "count": 0,
          "rangeStart": 435
        },
        {
          "range": "436-437",
          "count": 0,
          "rangeStart": 436
        },
        {
          "range": "437-438",
          "count": 0,
          "rangeStart": 437
        },
        {
          "range": "438-439",
          "count": 0,
          "rangeStart": 438
        },
        {
          "range": "439-440",
          "count": 0,
          "rangeStart": 439
        },
        {
          "range": "440-441",
          "count": 0,
          "rangeStart": 440
        },
        {
          "range": "441-442",
          "count": 0,
          "rangeStart": 441
        },
        {
          "range": "442-443",
          "count": 0,
          "rangeStart": 442
        },
        {
          "range": "443-444",
          "count": 0,
          "rangeStart": 443
        },
        {
          "range": "444-445",
          "count": 0,
          "rangeStart": 444
        },
        {
          "range": "445-446",
          "count": 0,
          "rangeStart": 445
        },
        {
          "range": "446-447",
          "count": 0,
          "rangeStart": 446
        },
        {
          "range": "447-448",
          "count": 0,
          "rangeStart": 447
        },
        {
          "range": "448-449",
          "count": 0,
          "rangeStart": 448
        },
        {
          "range": "449-450",
          "count": 0,
          "rangeStart": 449
        },
        {
          "range": "450-451",
          "count": 0,
          "rangeStart": 450
        },
        {
          "range": "451-452",
          "count": 0,
          "rangeStart": 451
        },
        {
          "range": "452-453",
          "count": 0,
          "rangeStart": 452
        },
        {
          "range": "453-454",
          "count": 0,
          "rangeStart": 453
        },
        {
          "range": "454-455",
          "count": 0,
          "rangeStart": 454
        },
        {
          "range": "455-456",
          "count": 0,
          "rangeStart": 455
        },
        {
          "range": "456-457",
          "count": 0,
          "rangeStart": 456
        },
        {
          "range": "457-458",
          "count": 0,
          "rangeStart": 457
        },
        {
          "range": "458-459",
          "count": 0,
          "rangeStart": 458
        },
        {
          "range": "459-460",
          "count": 0,
          "rangeStart": 459
        },
        {
          "range": "460-461",
          "count": 0,
          "rangeStart": 460
        },
        {
          "range": "461-462",
          "count": 0,
          "rangeStart": 461
        },
        {
          "range": "462-463",
          "count": 0,
          "rangeStart": 462
        },
        {
          "range": "463-464",
          "count": 0,
          "rangeStart": 463
        },
        {
          "range": "464-465",
          "count": 0,
          "rangeStart": 464
        },
        {
          "range": "465-466",
          "count": 0,
          "rangeStart": 465
        },
        {
          "range": "466-467",
          "count": 0,
          "rangeStart": 466
        },
        {
          "range": "467-468",
          "count": 0,
          "rangeStart": 467
        },
        {
          "range": "468-469",
          "count": 0,
          "rangeStart": 468
        },
        {
          "range": "469-470",
          "count": 0,
          "rangeStart": 469
        },
        {
          "range": "470-471",
          "count": 0,
          "rangeStart": 470
        },
        {
          "range": "471-472",
          "count": 0,
          "rangeStart": 471
        },
        {
          "range": "472-473",
          "count": 0,
          "rangeStart": 472
        },
        {
          "range": "473-474",
          "count": 0,
          "rangeStart": 473
        },
        {
          "range": "474-475",
          "count": 0,
          "rangeStart": 474
        },
        {
          "range": "475-476",
          "count": 0,
          "rangeStart": 475
        },
        {
          "range": "476-477",
          "count": 0,
          "rangeStart": 476
        },
        {
          "range": "477-478",
          "count": 0,
          "rangeStart": 477
        },
        {
          "range": "478-479",
          "count": 0,
          "rangeStart": 478
        },
        {
          "range": "479-480",
          "count": 0,
          "rangeStart": 479
        },
        {
          "range": "480-481",
          "count": 0,
          "rangeStart": 480
        },
        {
          "range": "481-482",
          "count": 0,
          "rangeStart": 481
        },
        {
          "range": "482-483",
          "count": 0,
          "rangeStart": 482
        },
        {
          "range": "483-484",
          "count": 0,
          "rangeStart": 483
        },
        {
          "range": "484-485",
          "count": 0,
          "rangeStart": 484
        },
        {
          "range": "485-486",
          "count": 0,
          "rangeStart": 485
        },
        {
          "range": "486-487",
          "count": 0,
          "rangeStart": 486
        },
        {
          "range": "487-488",
          "count": 0,
          "rangeStart": 487
        },
        {
          "range": "488-489",
          "count": 0,
          "rangeStart": 488
        },
        {
          "range": "489-490",
          "count": 0,
          "rangeStart": 489
        },
        {
          "range": "490-491",
          "count": 0,
          "rangeStart": 490
        },
        {
          "range": "491-492",
          "count": 0,
          "rangeStart": 491
        },
        {
          "range": "492-493",
          "count": 0,
          "rangeStart": 492
        },
        {
          "range": "493-494",
          "count": 0,
          "rangeStart": 493
        },
        {
          "range": "494-495",
          "count": 0,
          "rangeStart": 494
        },
        {
          "range": "495-496",
          "count": 0,
          "rangeStart": 495
        },
        {
          "range": "496-497",
          "count": 0,
          "rangeStart": 496
        },
        {
          "range": "497-498",
          "count": 0,
          "rangeStart": 497
        },
        {
          "range": "498-499",
          "count": 0,
          "rangeStart": 498
        },
        {
          "range": "499-500",
          "count": 0,
          "rangeStart": 499
        },
        {
          "range": "500-501",
          "count": 0,
          "rangeStart": 500
        },
        {
          "range": "501-502",
          "count": 0,
          "rangeStart": 501
        },
        {
          "range": "502-503",
          "count": 0,
          "rangeStart": 502
        },
        {
          "range": "503-504",
          "count": 0,
          "rangeStart": 503
        },
        {
          "range": "504-505",
          "count": 0,
          "rangeStart": 504
        },
        {
          "range": "505-506",
          "count": 0,
          "rangeStart": 505
        },
        {
          "range": "506-507",
          "count": 0,
          "rangeStart": 506
        },
        {
          "range": "507-508",
          "count": 0,
          "rangeStart": 507
        },
        {
          "range": "508-509",
          "count": 0,
          "rangeStart": 508
        },
        {
          "range": "509-510",
          "count": 0,
          "rangeStart": 509
        },
        {
          "range": "510-511",
          "count": 0,
          "rangeStart": 510
        },
        {
          "range": "511-512",
          "count": 0,
          "rangeStart": 511
        },
        {
          "range": "512-513",
          "count": 0,
          "rangeStart": 512
        },
        {
          "range": "513-514",
          "count": 0,
          "rangeStart": 513
        },
        {
          "range": "514-515",
          "count": 0,
          "rangeStart": 514
        },
        {
          "range": "515-516",
          "count": 0,
          "rangeStart": 515
        },
        {
          "range": "516-517",
          "count": 0,
          "rangeStart": 516
        },
        {
          "range": "517-518",
          "count": 0,
          "rangeStart": 517
        },
        {
          "range": "518-519",
          "count": 0,
          "rangeStart": 518
        },
        {
          "range": "519-520",
          "count": 0,
          "rangeStart": 519
        },
        {
          "range": "520-521",
          "count": 0,
          "rangeStart": 520
        },
        {
          "range": "521-522",
          "count": 0,
          "rangeStart": 521
        },
        {
          "range": "522-523",
          "count": 0,
          "rangeStart": 522
        },
        {
          "range": "523-524",
          "count": 0,
          "rangeStart": 523
        },
        {
          "range": "524-525",
          "count": 0,
          "rangeStart": 524
        },
        {
          "range": "525-526",
          "count": 0,
          "rangeStart": 525
        },
        {
          "range": "526-527",
          "count": 0,
          "rangeStart": 526
        },
        {
          "range": "527-528",
          "count": 0,
          "rangeStart": 527
        },
        {
          "range": "528-529",
          "count": 0,
          "rangeStart": 528
        },
        {
          "range": "529-530",
          "count": 0,
          "rangeStart": 529
        },
        {
          "range": "530-531",
          "count": 0,
          "rangeStart": 530
        },
        {
          "range": "531-532",
          "count": 0,
          "rangeStart": 531
        },
        {
          "range": "532-533",
          "count": 0,
          "rangeStart": 532
        },
        {
          "range": "533-534",
          "count": 0,
          "rangeStart": 533
        },
        {
          "range": "534-535",
          "count": 0,
          "rangeStart": 534
        },
        {
          "range": "535-536",
          "count": 0,
          "rangeStart": 535
        },
        {
          "range": "536-537",
          "count": 0,
          "rangeStart": 536
        },
        {
          "range": "537-538",
          "count": 0,
          "rangeStart": 537
        },
        {
          "range": "538-539",
          "count": 0,
          "rangeStart": 538
        },
        {
          "range": "539-540",
          "count": 0,
          "rangeStart": 539
        },
        {
          "range": "540-541",
          "count": 0,
          "rangeStart": 540
        },
        {
          "range": "541-542",
          "count": 0,
          "rangeStart": 541
        },
        {
          "range": "542-543",
          "count": 0,
          "rangeStart": 542
        },
        {
          "range": "543-544",
          "count": 0,
          "rangeStart": 543
        },
        {
          "range": "544-545",
          "count": 0,
          "rangeStart": 544
        },
        {
          "range": "545-546",
          "count": 0,
          "rangeStart": 545
        },
        {
          "range": "546-547",
          "count": 0,
          "rangeStart": 546
        },
        {
          "range": "547-548",
          "count": 0,
          "rangeStart": 547
        },
        {
          "range": "548-549",
          "count": 0,
          "rangeStart": 548
        },
        {
          "range": "549-550",
          "count": 0,
          "rangeStart": 549
        },
        {
          "range": "550-551",
          "count": 0,
          "rangeStart": 550
        },
        {
          "range": "551-552",
          "count": 0,
          "rangeStart": 551
        },
        {
          "range": "552-553",
          "count": 0,
          "rangeStart": 552
        },
        {
          "range": "553-554",
          "count": 0,
          "rangeStart": 553
        },
        {
          "range": "554-555",
          "count": 0,
          "rangeStart": 554
        },
        {
          "range": "555-556",
          "count": 0,
          "rangeStart": 555
        },
        {
          "range": "556-557",
          "count": 0,
          "rangeStart": 556
        },
        {
          "range": "557-558",
          "count": 0,
          "rangeStart": 557
        },
        {
          "range": "558-559",
          "count": 0,
          "rangeStart": 558
        },
        {
          "range": "559-560",
          "count": 0,
          "rangeStart": 559
        },
        {
          "range": "560-561",
          "count": 0,
          "rangeStart": 560
        },
        {
          "range": "561-562",
          "count": 0,
          "rangeStart": 561
        },
        {
          "range": "562-563",
          "count": 0,
          "rangeStart": 562
        },
        {
          "range": "563-564",
          "count": 0,
          "rangeStart": 563
        },
        {
          "range": "564-565",
          "count": 0,
          "rangeStart": 564
        },
        {
          "range": "565-566",
          "count": 0,
          "rangeStart": 565
        },
        {
          "range": "566-567",
          "count": 0,
          "rangeStart": 566
        },
        {
          "range": "567-568",
          "count": 0,
          "rangeStart": 567
        },
        {
          "range": "568-569",
          "count": 0,
          "rangeStart": 568
        },
        {
          "range": "569-570",
          "count": 0,
          "rangeStart": 569
        },
        {
          "range": "570-571",
          "count": 0,
          "rangeStart": 570
        },
        {
          "range": "571-572",
          "count": 0,
          "rangeStart": 571
        },
        {
          "range": "572-573",
          "count": 0,
          "rangeStart": 572
        },
        {
          "range": "573-574",
          "count": 0,
          "rangeStart": 573
        },
        {
          "range": "574-575",
          "count": 0,
          "rangeStart": 574
        },
        {
          "range": "575-576",
          "count": 0,
          "rangeStart": 575
        },
        {
          "range": "576-577",
          "count": 0,
          "rangeStart": 576
        },
        {
          "range": "577-578",
          "count": 0,
          "rangeStart": 577
        },
        {
          "range": "578-579",
          "count": 0,
          "rangeStart": 578
        },
        {
          "range": "579-580",
          "count": 0,
          "rangeStart": 579
        },
        {
          "range": "580-581",
          "count": 0,
          "rangeStart": 580
        },
        {
          "range": "581-582",
          "count": 0,
          "rangeStart": 581
        },
        {
          "range": "582-583",
          "count": 0,
          "rangeStart": 582
        },
        {
          "range": "583-584",
          "count": 0,
          "rangeStart": 583
        },
        {
          "range": "584-585",
          "count": 0,
          "rangeStart": 584
        },
        {
          "range": "585-586",
          "count": 0,
          "rangeStart": 585
        },
        {
          "range": "586-587",
          "count": 0,
          "rangeStart": 586
        },
        {
          "range": "587-588",
          "count": 0,
          "rangeStart": 587
        },
        {
          "range": "588-589",
          "count": 0,
          "rangeStart": 588
        },
        {
          "range": "589-590",
          "count": 0,
          "rangeStart": 589
        },
        {
          "range": "590-591",
          "count": 0,
          "rangeStart": 590
        },
        {
          "range": "591-592",
          "count": 0,
          "rangeStart": 591
        },
        {
          "range": "592-593",
          "count": 0,
          "rangeStart": 592
        },
        {
          "range": "593-594",
          "count": 0,
          "rangeStart": 593
        },
        {
          "range": "594-595",
          "count": 0,
          "rangeStart": 594
        },
        {
          "range": "595-596",
          "count": 0,
          "rangeStart": 595
        },
        {
          "range": "596-597",
          "count": 0,
          "rangeStart": 596
        },
        {
          "range": "597-598",
          "count": 0,
          "rangeStart": 597
        },
        {
          "range": "598-599",
          "count": 0,
          "rangeStart": 598
        },
        {
          "range": "599-600",
          "count": 0,
          "rangeStart": 599
        },
        {
          "range": "600-601",
          "count": 0,
          "rangeStart": 600
        },
        {
          "range": "601-602",
          "count": 0,
          "rangeStart": 601
        },
        {
          "range": "602-603",
          "count": 0,
          "rangeStart": 602
        },
        {
          "range": "603-604",
          "count": 0,
          "rangeStart": 603
        },
        {
          "range": "604-605",
          "count": 0,
          "rangeStart": 604
        },
        {
          "range": "605-606",
          "count": 0,
          "rangeStart": 605
        },
        {
          "range": "606-607",
          "count": 0,
          "rangeStart": 606
        },
        {
          "range": "607-608",
          "count": 0,
          "rangeStart": 607
        },
        {
          "range": "608-609",
          "count": 0,
          "rangeStart": 608
        },
        {
          "range": "609-610",
          "count": 0,
          "rangeStart": 609
        },
        {
          "range": "610-611",
          "count": 0,
          "rangeStart": 610
        },
        {
          "range": "611-612",
          "count": 0,
          "rangeStart": 611
        },
        {
          "range": "612-613",
          "count": 0,
          "rangeStart": 612
        },
        {
          "range": "613-614",
          "count": 0,
          "rangeStart": 613
        },
        {
          "range": "614-615",
          "count": 0,
          "rangeStart": 614
        },
        {
          "range": "615-616",
          "count": 0,
          "rangeStart": 615
        },
        {
          "range": "616-617",
          "count": 0,
          "rangeStart": 616
        },
        {
          "range": "617-618",
          "count": 0,
          "rangeStart": 617
        },
        {
          "range": "618-619",
          "count": 0,
          "rangeStart": 618
        },
        {
          "range": "619-620",
          "count": 0,
          "rangeStart": 619
        },
        {
          "range": "620-621",
          "count": 0,
          "rangeStart": 620
        },
        {
          "range": "621-622",
          "count": 0,
          "rangeStart": 621
        },
        {
          "range": "622-623",
          "count": 0,
          "rangeStart": 622
        },
        {
          "range": "623-624",
          "count": 0,
          "rangeStart": 623
        },
        {
          "range": "624-625",
          "count": 0,
          "rangeStart": 624
        },
        {
          "range": "625-626",
          "count": 0,
          "rangeStart": 625
        },
        {
          "range": "626-627",
          "count": 0,
          "rangeStart": 626
        },
        {
          "range": "627-628",
          "count": 0,
          "rangeStart": 627
        },
        {
          "range": "628-629",
          "count": 0,
          "rangeStart": 628
        },
        {
          "range": "629-630",
          "count": 0,
          "rangeStart": 629
        },
        {
          "range": "630-631",
          "count": 0,
          "rangeStart": 630
        },
        {
          "range": "631-632",
          "count": 0,
          "rangeStart": 631
        },
        {
          "range": "632-633",
          "count": 0,
          "rangeStart": 632
        },
        {
          "range": "633-634",
          "count": 0,
          "rangeStart": 633
        },
        {
          "range": "634-635",
          "count": 0,
          "rangeStart": 634
        },
        {
          "range": "635-636",
          "count": 0,
          "rangeStart": 635
        },
        {
          "range": "636-637",
          "count": 0,
          "rangeStart": 636
        },
        {
          "range": "637-638",
          "count": 0,
          "rangeStart": 637
        },
        {
          "range": "638-639",
          "count": 0,
          "rangeStart": 638
        },
        {
          "range": "639-640",
          "count": 0,
          "rangeStart": 639
        },
        {
          "range": "640-641",
          "count": 0,
          "rangeStart": 640
        },
        {
          "range": "641-642",
          "count": 0,
          "rangeStart": 641
        },
        {
          "range": "642-643",
          "count": 0,
          "rangeStart": 642
        },
        {
          "range": "643-644",
          "count": 0,
          "rangeStart": 643
        },
        {
          "range": "644-645",
          "count": 0,
          "rangeStart": 644
        },
        {
          "range": "645-646",
          "count": 0,
          "rangeStart": 645
        },
        {
          "range": "646-647",
          "count": 0,
          "rangeStart": 646
        },
        {
          "range": "647-648",
          "count": 0,
          "rangeStart": 647
        },
        {
          "range": "648-649",
          "count": 0,
          "rangeStart": 648
        },
        {
          "range": "649-650",
          "count": 0,
          "rangeStart": 649
        },
        {
          "range": "650-651",
          "count": 0,
          "rangeStart": 650
        },
        {
          "range": "651-652",
          "count": 0,
          "rangeStart": 651
        },
        {
          "range": "652-653",
          "count": 0,
          "rangeStart": 652
        },
        {
          "range": "653-654",
          "count": 0,
          "rangeStart": 653
        },
        {
          "range": "654-655",
          "count": 0,
          "rangeStart": 654
        },
        {
          "range": "655-656",
          "count": 0,
          "rangeStart": 655
        },
        {
          "range": "656-657",
          "count": 0,
          "rangeStart": 656
        },
        {
          "range": "657-658",
          "count": 0,
          "rangeStart": 657
        },
        {
          "range": "658-659",
          "count": 0,
          "rangeStart": 658
        },
        {
          "range": "659-660",
          "count": 0,
          "rangeStart": 659
        },
        {
          "range": "660-661",
          "count": 0,
          "rangeStart": 660
        },
        {
          "range": "661-662",
          "count": 0,
          "rangeStart": 661
        },
        {
          "range": "662-663",
          "count": 0,
          "rangeStart": 662
        },
        {
          "range": "663-664",
          "count": 0,
          "rangeStart": 663
        },
        {
          "range": "664-665",
          "count": 0,
          "rangeStart": 664
        },
        {
          "range": "665-666",
          "count": 0,
          "rangeStart": 665
        },
        {
          "range": "666-667",
          "count": 0,
          "rangeStart": 666
        },
        {
          "range": "667-668",
          "count": 0,
          "rangeStart": 667
        },
        {
          "range": "668-669",
          "count": 0,
          "rangeStart": 668
        },
        {
          "range": "669-670",
          "count": 0,
          "rangeStart": 669
        },
        {
          "range": "670-671",
          "count": 0,
          "rangeStart": 670
        },
        {
          "range": "671-672",
          "count": 0,
          "rangeStart": 671
        },
        {
          "range": "672-673",
          "count": 0,
          "rangeStart": 672
        },
        {
          "range": "673-674",
          "count": 0,
          "rangeStart": 673
        },
        {
          "range": "674-675",
          "count": 0,
          "rangeStart": 674
        },
        {
          "range": "675-676",
          "count": 0,
          "rangeStart": 675
        },
        {
          "range": "676-677",
          "count": 0,
          "rangeStart": 676
        },
        {
          "range": "677-678",
          "count": 0,
          "rangeStart": 677
        },
        {
          "range": "678-679",
          "count": 0,
          "rangeStart": 678
        },
        {
          "range": "679-680",
          "count": 0,
          "rangeStart": 679
        },
        {
          "range": "680-681",
          "count": 0,
          "rangeStart": 680
        },
        {
          "range": "681-682",
          "count": 0,
          "rangeStart": 681
        },
        {
          "range": "682-683",
          "count": 0,
          "rangeStart": 682
        },
        {
          "range": "683-684",
          "count": 0,
          "rangeStart": 683
        },
        {
          "range": "684-685",
          "count": 0,
          "rangeStart": 684
        },
        {
          "range": "685-686",
          "count": 0,
          "rangeStart": 685
        },
        {
          "range": "686-687",
          "count": 0,
          "rangeStart": 686
        },
        {
          "range": "687-688",
          "count": 0,
          "rangeStart": 687
        },
        {
          "range": "688-689",
          "count": 0,
          "rangeStart": 688
        },
        {
          "range": "689-690",
          "count": 0,
          "rangeStart": 689
        },
        {
          "range": "690-691",
          "count": 0,
          "rangeStart": 690
        },
        {
          "range": "691-692",
          "count": 0,
          "rangeStart": 691
        },
        {
          "range": "692-693",
          "count": 0,
          "rangeStart": 692
        },
        {
          "range": "693-694",
          "count": 0,
          "rangeStart": 693
        },
        {
          "range": "694-695",
          "count": 0,
          "rangeStart": 694
        },
        {
          "range": "695-696",
          "count": 0,
          "rangeStart": 695
        },
        {
          "range": "696-697",
          "count": 0,
          "rangeStart": 696
        },
        {
          "range": "697-698",
          "count": 0,
          "rangeStart": 697
        },
        {
          "range": "698-699",
          "count": 0,
          "rangeStart": 698
        },
        {
          "range": "699-700",
          "count": 0,
          "rangeStart": 699
        },
        {
          "range": "700-701",
          "count": 0,
          "rangeStart": 700
        },
        {
          "range": "701-702",
          "count": 0,
          "rangeStart": 701
        },
        {
          "range": "702-703",
          "count": 0,
          "rangeStart": 702
        },
        {
          "range": "703-704",
          "count": 0,
          "rangeStart": 703
        },
        {
          "range": "704-705",
          "count": 0,
          "rangeStart": 704
        },
        {
          "range": "705-706",
          "count": 0,
          "rangeStart": 705
        },
        {
          "range": "706-707",
          "count": 0,
          "rangeStart": 706
        },
        {
          "range": "707-708",
          "count": 0,
          "rangeStart": 707
        },
        {
          "range": "708-709",
          "count": 0,
          "rangeStart": 708
        },
        {
          "range": "709-710",
          "count": 0,
          "rangeStart": 709
        },
        {
          "range": "710-711",
          "count": 0,
          "rangeStart": 710
        },
        {
          "range": "711-712",
          "count": 0,
          "rangeStart": 711
        },
        {
          "range": "712-713",
          "count": 0,
          "rangeStart": 712
        },
        {
          "range": "713-714",
          "count": 0,
          "rangeStart": 713
        },
        {
          "range": "714-715",
          "count": 0,
          "rangeStart": 714
        },
        {
          "range": "715-716",
          "count": 0,
          "rangeStart": 715
        },
        {
          "range": "716-717",
          "count": 0,
          "rangeStart": 716
        },
        {
          "range": "717-718",
          "count": 0,
          "rangeStart": 717
        },
        {
          "range": "718-719",
          "count": 0,
          "rangeStart": 718
        },
        {
          "range": "719-720",
          "count": 0,
          "rangeStart": 719
        },
        {
          "range": "720-721",
          "count": 0,
          "rangeStart": 720
        },
        {
          "range": "721-722",
          "count": 0,
          "rangeStart": 721
        },
        {
          "range": "722-723",
          "count": 0,
          "rangeStart": 722
        },
        {
          "range": "723-724",
          "count": 0,
          "rangeStart": 723
        },
        {
          "range": "724-725",
          "count": 0,
          "rangeStart": 724
        },
        {
          "range": "725-726",
          "count": 0,
          "rangeStart": 725
        },
        {
          "range": "726-727",
          "count": 0,
          "rangeStart": 726
        },
        {
          "range": "727-728",
          "count": 0,
          "rangeStart": 727
        },
        {
          "range": "728-729",
          "count": 0,
          "rangeStart": 728
        },
        {
          "range": "729-730",
          "count": 0,
          "rangeStart": 729
        },
        {
          "range": "730-731",
          "count": 0,
          "rangeStart": 730
        },
        {
          "range": "731-732",
          "count": 0,
          "rangeStart": 731
        },
        {
          "range": "732-733",
          "count": 0,
          "rangeStart": 732
        },
        {
          "range": "733-734",
          "count": 0,
          "rangeStart": 733
        },
        {
          "range": "734-735",
          "count": 0,
          "rangeStart": 734
        },
        {
          "range": "735-736",
          "count": 0,
          "rangeStart": 735
        },
        {
          "range": "736-737",
          "count": 0,
          "rangeStart": 736
        },
        {
          "range": "737-738",
          "count": 0,
          "rangeStart": 737
        },
        {
          "range": "738-739",
          "count": 0,
          "rangeStart": 738
        },
        {
          "range": "739-740",
          "count": 0,
          "rangeStart": 739
        },
        {
          "range": "740-741",
          "count": 0,
          "rangeStart": 740
        },
        {
          "range": "741-742",
          "count": 0,
          "rangeStart": 741
        },
        {
          "range": "742-743",
          "count": 0,
          "rangeStart": 742
        },
        {
          "range": "743-744",
          "count": 0,
          "rangeStart": 743
        },
        {
          "range": "744-745",
          "count": 0,
          "rangeStart": 744
        },
        {
          "range": "745-746",
          "count": 0,
          "rangeStart": 745
        },
        {
          "range": "746-747",
          "count": 0,
          "rangeStart": 746
        },
        {
          "range": "747-748",
          "count": 0,
          "rangeStart": 747
        },
        {
          "range": "748-749",
          "count": 0,
          "rangeStart": 748
        },
        {
          "range": "749-750",
          "count": 0,
          "rangeStart": 749
        },
        {
          "range": "750-751",
          "count": 0,
          "rangeStart": 750
        },
        {
          "range": "751-752",
          "count": 0,
          "rangeStart": 751
        },
        {
          "range": "752-753",
          "count": 0,
          "rangeStart": 752
        },
        {
          "range": "753-754",
          "count": 0,
          "rangeStart": 753
        },
        {
          "range": "754-755",
          "count": 0,
          "rangeStart": 754
        },
        {
          "range": "755-756",
          "count": 0,
          "rangeStart": 755
        },
        {
          "range": "756-757",
          "count": 0,
          "rangeStart": 756
        },
        {
          "range": "757-758",
          "count": 0,
          "rangeStart": 757
        },
        {
          "range": "758-759",
          "count": 0,
          "rangeStart": 758
        },
        {
          "range": "759-760",
          "count": 0,
          "rangeStart": 759
        },
        {
          "range": "760-761",
          "count": 0,
          "rangeStart": 760
        },
        {
          "range": "761-762",
          "count": 0,
          "rangeStart": 761
        },
        {
          "range": "762-763",
          "count": 0,
          "rangeStart": 762
        },
        {
          "range": "763-764",
          "count": 0,
          "rangeStart": 763
        },
        {
          "range": "764-765",
          "count": 0,
          "rangeStart": 764
        },
        {
          "range": "765-766",
          "count": 0,
          "rangeStart": 765
        },
        {
          "range": "766-767",
          "count": 0,
          "rangeStart": 766
        },
        {
          "range": "767-768",
          "count": 0,
          "rangeStart": 767
        },
        {
          "range": "768-769",
          "count": 0,
          "rangeStart": 768
        },
        {
          "range": "769-770",
          "count": 0,
          "rangeStart": 769
        },
        {
          "range": "770-771",
          "count": 0,
          "rangeStart": 770
        },
        {
          "range": "771-772",
          "count": 0,
          "rangeStart": 771
        },
        {
          "range": "772-773",
          "count": 0,
          "rangeStart": 772
        },
        {
          "range": "773-774",
          "count": 0,
          "rangeStart": 773
        },
        {
          "range": "774-775",
          "count": 0,
          "rangeStart": 774
        },
        {
          "range": "775-776",
          "count": 0,
          "rangeStart": 775
        },
        {
          "range": "776-777",
          "count": 0,
          "rangeStart": 776
        },
        {
          "range": "777-778",
          "count": 0,
          "rangeStart": 777
        },
        {
          "range": "778-779",
          "count": 0,
          "rangeStart": 778
        },
        {
          "range": "779-780",
          "count": 0,
          "rangeStart": 779
        },
        {
          "range": "780-781",
          "count": 0,
          "rangeStart": 780
        },
        {
          "range": "781-782",
          "count": 0,
          "rangeStart": 781
        },
        {
          "range": "782-783",
          "count": 0,
          "rangeStart": 782
        },
        {
          "range": "783-784",
          "count": 0,
          "rangeStart": 783
        },
        {
          "range": "784-785",
          "count": 0,
          "rangeStart": 784
        },
        {
          "range": "785-786",
          "count": 0,
          "rangeStart": 785
        },
        {
          "range": "786-787",
          "count": 0,
          "rangeStart": 786
        },
        {
          "range": "787-788",
          "count": 0,
          "rangeStart": 787
        },
        {
          "range": "788-789",
          "count": 0,
          "rangeStart": 788
        },
        {
          "range": "789-790",
          "count": 0,
          "rangeStart": 789
        },
        {
          "range": "790-791",
          "count": 0,
          "rangeStart": 790
        },
        {
          "range": "791-792",
          "count": 0,
          "rangeStart": 791
        },
        {
          "range": "792-793",
          "count": 0,
          "rangeStart": 792
        },
        {
          "range": "793-794",
          "count": 0,
          "rangeStart": 793
        },
        {
          "range": "794-795",
          "count": 0,
          "rangeStart": 794
        },
        {
          "range": "795-796",
          "count": 0,
          "rangeStart": 795
        },
        {
          "range": "796-797",
          "count": 0,
          "rangeStart": 796
        },
        {
          "range": "797-798",
          "count": 0,
          "rangeStart": 797
        },
        {
          "range": "798-799",
          "count": 0,
          "rangeStart": 798
        },
        {
          "range": "799-800",
          "count": 0,
          "rangeStart": 799
        },
        {
          "range": "800-801",
          "count": 0,
          "rangeStart": 800
        },
        {
          "range": "801-802",
          "count": 0,
          "rangeStart": 801
        },
        {
          "range": "802-803",
          "count": 0,
          "rangeStart": 802
        },
        {
          "range": "803-804",
          "count": 0,
          "rangeStart": 803
        },
        {
          "range": "804-805",
          "count": 0,
          "rangeStart": 804
        },
        {
          "range": "805-806",
          "count": 0,
          "rangeStart": 805
        },
        {
          "range": "806-807",
          "count": 0,
          "rangeStart": 806
        },
        {
          "range": "807-808",
          "count": 0,
          "rangeStart": 807
        },
        {
          "range": "808-809",
          "count": 0,
          "rangeStart": 808
        },
        {
          "range": "809-810",
          "count": 0,
          "rangeStart": 809
        },
        {
          "range": "810-811",
          "count": 0,
          "rangeStart": 810
        },
        {
          "range": "811-812",
          "count": 0,
          "rangeStart": 811
        },
        {
          "range": "812-813",
          "count": 0,
          "rangeStart": 812
        },
        {
          "range": "813-814",
          "count": 0,
          "rangeStart": 813
        },
        {
          "range": "814-815",
          "count": 0,
          "rangeStart": 814
        },
        {
          "range": "815-816",
          "count": 0,
          "rangeStart": 815
        },
        {
          "range": "816-817",
          "count": 0,
          "rangeStart": 816
        },
        {
          "range": "817-818",
          "count": 0,
          "rangeStart": 817
        },
        {
          "range": "818-819",
          "count": 0,
          "rangeStart": 818
        },
        {
          "range": "819-820",
          "count": 0,
          "rangeStart": 819
        },
        {
          "range": "820-821",
          "count": 0,
          "rangeStart": 820
        },
        {
          "range": "821-822",
          "count": 0,
          "rangeStart": 821
        },
        {
          "range": "822-823",
          "count": 0,
          "rangeStart": 822
        },
        {
          "range": "823-824",
          "count": 0,
          "rangeStart": 823
        },
        {
          "range": "824-825",
          "count": 0,
          "rangeStart": 824
        },
        {
          "range": "825-826",
          "count": 0,
          "rangeStart": 825
        },
        {
          "range": "826-827",
          "count": 0,
          "rangeStart": 826
        },
        {
          "range": "827-828",
          "count": 0,
          "rangeStart": 827
        },
        {
          "range": "828-829",
          "count": 0,
          "rangeStart": 828
        },
        {
          "range": "829-830",
          "count": 0,
          "rangeStart": 829
        },
        {
          "range": "830-831",
          "count": 0,
          "rangeStart": 830
        },
        {
          "range": "831-832",
          "count": 0,
          "rangeStart": 831
        },
        {
          "range": "832-833",
          "count": 0,
          "rangeStart": 832
        },
        {
          "range": "833-834",
          "count": 0,
          "rangeStart": 833
        },
        {
          "range": "834-835",
          "count": 0,
          "rangeStart": 834
        },
        {
          "range": "835-836",
          "count": 0,
          "rangeStart": 835
        },
        {
          "range": "836-837",
          "count": 0,
          "rangeStart": 836
        },
        {
          "range": "837-838",
          "count": 0,
          "rangeStart": 837
        },
        {
          "range": "838-839",
          "count": 0,
          "rangeStart": 838
        },
        {
          "range": "839-840",
          "count": 0,
          "rangeStart": 839
        },
        {
          "range": "840-841",
          "count": 0,
          "rangeStart": 840
        },
        {
          "range": "841-842",
          "count": 0,
          "rangeStart": 841
        },
        {
          "range": "842-843",
          "count": 0,
          "rangeStart": 842
        },
        {
          "range": "843-844",
          "count": 0,
          "rangeStart": 843
        },
        {
          "range": "844-845",
          "count": 0,
          "rangeStart": 844
        },
        {
          "range": "845-846",
          "count": 0,
          "rangeStart": 845
        },
        {
          "range": "846-847",
          "count": 0,
          "rangeStart": 846
        },
        {
          "range": "847-848",
          "count": 0,
          "rangeStart": 847
        },
        {
          "range": "848-849",
          "count": 0,
          "rangeStart": 848
        },
        {
          "range": "849-850",
          "count": 0,
          "rangeStart": 849
        },
        {
          "range": "850-851",
          "count": 0,
          "rangeStart": 850
        },
        {
          "range": "851-852",
          "count": 0,
          "rangeStart": 851
        },
        {
          "range": "852-853",
          "count": 0,
          "rangeStart": 852
        },
        {
          "range": "853-854",
          "count": 0,
          "rangeStart": 853
        },
        {
          "range": "854-855",
          "count": 0,
          "rangeStart": 854
        },
        {
          "range": "855-856",
          "count": 0,
          "rangeStart": 855
        },
        {
          "range": "856-857",
          "count": 0,
          "rangeStart": 856
        },
        {
          "range": "857-858",
          "count": 0,
          "rangeStart": 857
        },
        {
          "range": "858-859",
          "count": 0,
          "rangeStart": 858
        },
        {
          "range": "859-860",
          "count": 0,
          "rangeStart": 859
        },
        {
          "range": "860-861",
          "count": 0,
          "rangeStart": 860
        },
        {
          "range": "861-862",
          "count": 0,
          "rangeStart": 861
        },
        {
          "range": "862-863",
          "count": 0,
          "rangeStart": 862
        },
        {
          "range": "863-864",
          "count": 0,
          "rangeStart": 863
        },
        {
          "range": "864-865",
          "count": 0,
          "rangeStart": 864
        },
        {
          "range": "865-866",
          "count": 0,
          "rangeStart": 865
        },
        {
          "range": "866-867",
          "count": 0,
          "rangeStart": 866
        },
        {
          "range": "867-868",
          "count": 0,
          "rangeStart": 867
        },
        {
          "range": "868-869",
          "count": 0,
          "rangeStart": 868
        },
        {
          "range": "869-870",
          "count": 0,
          "rangeStart": 869
        },
        {
          "range": "870-871",
          "count": 0,
          "rangeStart": 870
        },
        {
          "range": "871-872",
          "count": 0,
          "rangeStart": 871
        },
        {
          "range": "872-873",
          "count": 0,
          "rangeStart": 872
        },
        {
          "range": "873-874",
          "count": 0,
          "rangeStart": 873
        },
        {
          "range": "874-875",
          "count": 0,
          "rangeStart": 874
        },
        {
          "range": "875-876",
          "count": 0,
          "rangeStart": 875
        },
        {
          "range": "876-877",
          "count": 0,
          "rangeStart": 876
        },
        {
          "range": "877-878",
          "count": 0,
          "rangeStart": 877
        },
        {
          "range": "878-879",
          "count": 0,
          "rangeStart": 878
        },
        {
          "range": "879-880",
          "count": 0,
          "rangeStart": 879
        },
        {
          "range": "880-881",
          "count": 0,
          "rangeStart": 880
        },
        {
          "range": "881-882",
          "count": 0,
          "rangeStart": 881
        },
        {
          "range": "882-883",
          "count": 0,
          "rangeStart": 882
        },
        {
          "range": "883-884",
          "count": 0,
          "rangeStart": 883
        },
        {
          "range": "884-885",
          "count": 0,
          "rangeStart": 884
        },
        {
          "range": "885-886",
          "count": 0,
          "rangeStart": 885
        },
        {
          "range": "886-887",
          "count": 0,
          "rangeStart": 886
        },
        {
          "range": "887-888",
          "count": 0,
          "rangeStart": 887
        },
        {
          "range": "888-889",
          "count": 0,
          "rangeStart": 888
        },
        {
          "range": "889-890",
          "count": 0,
          "rangeStart": 889
        },
        {
          "range": "890-891",
          "count": 0,
          "rangeStart": 890
        },
        {
          "range": "891-892",
          "count": 0,
          "rangeStart": 891
        },
        {
          "range": "892-893",
          "count": 0,
          "rangeStart": 892
        },
        {
          "range": "893-894",
          "count": 0,
          "rangeStart": 893
        },
        {
          "range": "894-895",
          "count": 0,
          "rangeStart": 894
        },
        {
          "range": "895-896",
          "count": 0,
          "rangeStart": 895
        },
        {
          "range": "896-897",
          "count": 0,
          "rangeStart": 896
        },
        {
          "range": "897-898",
          "count": 0,
          "rangeStart": 897
        },
        {
          "range": "898-899",
          "count": 0,
          "rangeStart": 898
        },
        {
          "range": "899-900",
          "count": 0,
          "rangeStart": 899
        },
        {
          "range": "900-901",
          "count": 0,
          "rangeStart": 900
        },
        {
          "range": "901-902",
          "count": 0,
          "rangeStart": 901
        },
        {
          "range": "902-903",
          "count": 0,
          "rangeStart": 902
        },
        {
          "range": "903-904",
          "count": 0,
          "rangeStart": 903
        },
        {
          "range": "904-905",
          "count": 0,
          "rangeStart": 904
        },
        {
          "range": "905-906",
          "count": 0,
          "rangeStart": 905
        },
        {
          "range": "906-907",
          "count": 0,
          "rangeStart": 906
        },
        {
          "range": "907-908",
          "count": 0,
          "rangeStart": 907
        },
        {
          "range": "908-909",
          "count": 0,
          "rangeStart": 908
        },
        {
          "range": "909-910",
          "count": 0,
          "rangeStart": 909
        },
        {
          "range": "910-911",
          "count": 0,
          "rangeStart": 910
        },
        {
          "range": "911-912",
          "count": 0,
          "rangeStart": 911
        },
        {
          "range": "912-913",
          "count": 0,
          "rangeStart": 912
        },
        {
          "range": "913-914",
          "count": 0,
          "rangeStart": 913
        },
        {
          "range": "914-915",
          "count": 0,
          "rangeStart": 914
        },
        {
          "range": "915-916",
          "count": 0,
          "rangeStart": 915
        },
        {
          "range": "916-917",
          "count": 0,
          "rangeStart": 916
        },
        {
          "range": "917-918",
          "count": 0,
          "rangeStart": 917
        },
        {
          "range": "918-919",
          "count": 0,
          "rangeStart": 918
        },
        {
          "range": "919-920",
          "count": 0,
          "rangeStart": 919
        },
        {
          "range": "920-921",
          "count": 0,
          "rangeStart": 920
        },
        {
          "range": "921-922",
          "count": 0,
          "rangeStart": 921
        },
        {
          "range": "922-923",
          "count": 0,
          "rangeStart": 922
        },
        {
          "range": "923-924",
          "count": 0,
          "rangeStart": 923
        },
        {
          "range": "924-925",
          "count": 0,
          "rangeStart": 924
        },
        {
          "range": "925-926",
          "count": 0,
          "rangeStart": 925
        },
        {
          "range": "926-927",
          "count": 0,
          "rangeStart": 926
        },
        {
          "range": "927-928",
          "count": 0,
          "rangeStart": 927
        },
        {
          "range": "928-929",
          "count": 0,
          "rangeStart": 928
        },
        {
          "range": "929-930",
          "count": 0,
          "rangeStart": 929
        },
        {
          "range": "930-931",
          "count": 0,
          "rangeStart": 930
        },
        {
          "range": "931-932",
          "count": 0,
          "rangeStart": 931
        },
        {
          "range": "932-933",
          "count": 0,
          "rangeStart": 932
        },
        {
          "range": "933-934",
          "count": 0,
          "rangeStart": 933
        },
        {
          "range": "934-935",
          "count": 0,
          "rangeStart": 934
        },
        {
          "range": "935-936",
          "count": 0,
          "rangeStart": 935
        },
        {
          "range": "936-937",
          "count": 0,
          "rangeStart": 936
        },
        {
          "range": "937-938",
          "count": 0,
          "rangeStart": 937
        },
        {
          "range": "938-939",
          "count": 0,
          "rangeStart": 938
        },
        {
          "range": "939-940",
          "count": 0,
          "rangeStart": 939
        },
        {
          "range": "940-941",
          "count": 0,
          "rangeStart": 940
        },
        {
          "range": "941-942",
          "count": 0,
          "rangeStart": 941
        },
        {
          "range": "942-943",
          "count": 0,
          "rangeStart": 942
        },
        {
          "range": "943-944",
          "count": 0,
          "rangeStart": 943
        },
        {
          "range": "944-945",
          "count": 0,
          "rangeStart": 944
        },
        {
          "range": "945-946",
          "count": 0,
          "rangeStart": 945
        },
        {
          "range": "946-947",
          "count": 0,
          "rangeStart": 946
        },
        {
          "range": "947-948",
          "count": 0,
          "rangeStart": 947
        },
        {
          "range": "948-949",
          "count": 0,
          "rangeStart": 948
        },
        {
          "range": "949-950",
          "count": 0,
          "rangeStart": 949
        },
        {
          "range": "950-951",
          "count": 0,
          "rangeStart": 950
        },
        {
          "range": "951-952",
          "count": 0,
          "rangeStart": 951
        },
        {
          "range": "952-953",
          "count": 0,
          "rangeStart": 952
        },
        {
          "range": "953-954",
          "count": 0,
          "rangeStart": 953
        },
        {
          "range": "954-955",
          "count": 0,
          "rangeStart": 954
        },
        {
          "range": "955-956",
          "count": 0,
          "rangeStart": 955
        },
        {
          "range": "956-957",
          "count": 0,
          "rangeStart": 956
        },
        {
          "range": "957-958",
          "count": 0,
          "rangeStart": 957
        },
        {
          "range": "958-959",
          "count": 0,
          "rangeStart": 958
        },
        {
          "range": "959-960",
          "count": 0,
          "rangeStart": 959
        },
        {
          "range": "960-961",
          "count": 0,
          "rangeStart": 960
        },
        {
          "range": "961-962",
          "count": 0,
          "rangeStart": 961
        },
        {
          "range": "962-963",
          "count": 0,
          "rangeStart": 962
        },
        {
          "range": "963-964",
          "count": 0,
          "rangeStart": 963
        },
        {
          "range": "964-965",
          "count": 0,
          "rangeStart": 964
        },
        {
          "range": "965-966",
          "count": 0,
          "rangeStart": 965
        },
        {
          "range": "966-967",
          "count": 0,
          "rangeStart": 966
        },
        {
          "range": "967-968",
          "count": 0,
          "rangeStart": 967
        },
        {
          "range": "968-969",
          "count": 0,
          "rangeStart": 968
        },
        {
          "range": "969-970",
          "count": 0,
          "rangeStart": 969
        },
        {
          "range": "970-971",
          "count": 0,
          "rangeStart": 970
        },
        {
          "range": "971-972",
          "count": 0,
          "rangeStart": 971
        },
        {
          "range": "972-973",
          "count": 0,
          "rangeStart": 972
        },
        {
          "range": "973-974",
          "count": 0,
          "rangeStart": 973
        },
        {
          "range": "974-975",
          "count": 0,
          "rangeStart": 974
        },
        {
          "range": "975-976",
          "count": 0,
          "rangeStart": 975
        },
        {
          "range": "976-977",
          "count": 0,
          "rangeStart": 976
        },
        {
          "range": "977-978",
          "count": 0,
          "rangeStart": 977
        },
        {
          "range": "978-979",
          "count": 0,
          "rangeStart": 978
        },
        {
          "range": "979-980",
          "count": 0,
          "rangeStart": 979
        },
        {
          "range": "980-981",
          "count": 0,
          "rangeStart": 980
        },
        {
          "range": "981-982",
          "count": 0,
          "rangeStart": 981
        },
        {
          "range": "982-983",
          "count": 0,
          "rangeStart": 982
        },
        {
          "range": "983-984",
          "count": 0,
          "rangeStart": 983
        },
        {
          "range": "984-985",
          "count": 0,
          "rangeStart": 984
        },
        {
          "range": "985-986",
          "count": 0,
          "rangeStart": 985
        },
        {
          "range": "986-987",
          "count": 0,
          "rangeStart": 986
        },
        {
          "range": "987-988",
          "count": 0,
          "rangeStart": 987
        },
        {
          "range": "988-989",
          "count": 0,
          "rangeStart": 988
        },
        {
          "range": "989-990",
          "count": 0,
          "rangeStart": 989
        },
        {
          "range": "990-991",
          "count": 0,
          "rangeStart": 990
        },
        {
          "range": "991-992",
          "count": 0,
          "rangeStart": 991
        },
        {
          "range": "992-993",
          "count": 0,
          "rangeStart": 992
        },
        {
          "range": "993-994",
          "count": 0,
          "rangeStart": 993
        },
        {
          "range": "994-995",
          "count": 0,
          "rangeStart": 994
        },
        {
          "range": "995-996",
          "count": 0,
          "rangeStart": 995
        },
        {
          "range": "996-997",
          "count": 0,
          "rangeStart": 996
        },
        {
          "range": "997-998",
          "count": 0,
          "rangeStart": 997
        },
        {
          "range": "998-999",
          "count": 0,
          "rangeStart": 998
        },
        {
          "range": "999-1000",
          "count": 0,
          "rangeStart": 999
        },
        {
          "range": "1000-1001",
          "count": 1,
          "rangeStart": 1000
        }
      ],
      "mediaTypeDistribution": [
        {
          "type": "Movie",
          "count": 182
        },
        {
          "type": "TV Show",
          "count": 13
        }
      ],
      "originDistribution": [
        {
          "origin": "English",
          "count": 171
        },
        {
          "origin": "French",
          "count": 12
        },
        {
          "origin": "Japanese",
          "count": 5
        },
        {
          "origin": "Korean",
          "count": 2
        },
        {
          "origin": "TA",
          "count": 1
        },
        {
          "origin": "Spanish",
          "count": 1
        },
        {
          "origin": "Italian",
          "count": 1
        },
        {
          "origin": "Thai",
          "count": 1
        }
      ],
      "topProfitableMovies": [
        {
          "title": "Avatar",
          "profit": 2686706026,
          "roi": 1133.6
        },
        {
          "title": "Avengers: Infinity War test",
          "profit": 1752415039,
          "roi": 584.1
        },
        {
          "title": "Jurassic World",
          "profit": 1521537444,
          "roi": 1014.4
        },
        {
          "title": "Top Gun : Maverick",
          "profit": 1318732821,
          "roi": 775.7
        },
        {
          "title": "Avengers",
          "profit": 1298815515,
          "roi": 590.4
        },
        {
          "title": "Super Mario Bros",
          "profit": 1262000000,
          "roi": 1262
        },
        {
          "title": "Harry Potter and the Deathly Hallows – Part 2",
          "profit": 1216511219,
          "roi": 973.2
        },
        {
          "title": "Jurassic World, Fallen Kingdom",
          "profit": 1140469037,
          "roi": 670.9
        },
        {
          "title": "Star Wars: Episode VIII - The Last Jedi",
          "profit": 1132698830,
          "roi": 566.3
        },
        {
          "title": "The Lord of the Rings: The Return of the King",
          "profit": 1024888979,
          "roi": 1090.3
        }
      ],
      "topROIMovies": [
        {
          "title": "One Flew Over the Cuckoo's Nest, director's cut",
          "roi": 3532.7,
          "profit": 105981275
        },
        {
          "title": "Pretty Woman",
          "roi": 3210,
          "profit": 449406268
        },
        {
          "title": "Intouchables",
          "roi": 3181.5,
          "profit": 413590315
        },
        {
          "title": "The Good, the Bad and the Ugly",
          "roi": 3141.7,
          "profit": 37700000
        },
        {
          "title": "Signe noir",
          "roi": 2433.8,
          "profit": 316398046
        },
        {
          "title": "Parasite",
          "roi": 2166.9,
          "profit": 246228776
        },
        {
          "title": "Bienvenue chez les Ch'tis",
          "roi": 2128.6,
          "profit": 234144417
        },
        {
          "title": "Raiders of the Lost Ark",
          "roi": 2066.3,
          "profit": 371925971
        },
        {
          "title": "Joker",
          "roi": 1861.7,
          "profit": 1023958629
        },
        {
          "title": "The whale",
          "roi": 1736.7,
          "profit": 52101305
        }
      ],
      "commercialSuccess": {
        "totalMoviesWithData": 175,
        "totalBudget": 16937705285,
        "totalRevenue": 79039339282,
        "totalProfit": 62101633997,
        "overallROI": 366.6,
        "profitableMovies": 169,
        "unprofitableMovies": 6,
        "profitabilityRate": 96.6,
        "averageROI": 536.5
      },
      "roiByGenre": [
        {
          "genre": "Romance",
          "averageROI": 1798.5,
          "count": 2,
          "totalProfit": 505915046
        },
        {
          "genre": "Western",
          "averageROI": 1718.3,
          "count": 2,
          "totalProfit": 435650503
        },
        {
          "genre": "Music",
          "averageROI": 989.2,
          "count": 2,
          "totalProfit": 947043411
        },
        {
          "genre": "Drama",
          "averageROI": 936.8,
          "count": 16,
          "totalProfit": 3723899856
        },
        {
          "genre": "Mystery",
          "averageROI": 899.8,
          "count": 2,
          "totalProfit": 713301013
        },
        {
          "genre": "Comedy",
          "averageROI": 830.3,
          "count": 15,
          "totalProfit": 3421954983
        },
        {
          "genre": "Crime",
          "averageROI": 667.9,
          "count": 6,
          "totalProfit": 2194957088
        },
        {
          "genre": "Family",
          "averageROI": 523.9,
          "count": 3,
          "totalProfit": 1640838935
        },
        {
          "genre": "Animation",
          "averageROI": 455,
          "count": 8,
          "totalProfit": 2350114146
        },
        {
          "genre": "Adventure",
          "averageROI": 448,
          "count": 44,
          "totalProfit": 20259757044
        }
      ],
      "budgetRevenueData": [
        {
          "title": "One Flew Over the Cuckoo's Nest, director's cut",
          "budget": 3,
          "revenue": 108.981275,
          "roi": 3532.7
        },
        {
          "title": "Pretty Woman",
          "budget": 14,
          "revenue": 463.406268,
          "roi": 3210
        },
        {
          "title": "Intouchables",
          "budget": 13,
          "revenue": 426.590315,
          "roi": 3181.5
        },
        {
          "title": "The Good, the Bad and the Ugly",
          "budget": 1.2,
          "revenue": 38.9,
          "roi": 3141.7
        },
        {
          "title": "Signe noir",
          "budget": 13,
          "revenue": 329.398046,
          "roi": 2433.8
        },
        {
          "title": "Parasite",
          "budget": 11.363,
          "revenue": 257.591776,
          "roi": 2166.9
        },
        {
          "title": "Bienvenue chez les Ch'tis",
          "budget": 11,
          "revenue": 245.144417,
          "roi": 2128.6
        },
        {
          "title": "Raiders of the Lost Ark",
          "budget": 18,
          "revenue": 389.925971,
          "roi": 2066.3
        },
        {
          "title": "Joker",
          "budget": 55,
          "revenue": 1078.958629,
          "roi": 1861.7
        },
        {
          "title": "The whale",
          "budget": 3,
          "revenue": 55.101305,
          "roi": 1736.7
        },
        {
          "title": "Bohemian rhapsody",
          "budget": 52,
          "revenue": 910.813521,
          "roi": 1651.6
        },
        {
          "title": "Le Fabuleux destin d'Amélie Poulain",
          "budget": 10,
          "revenue": 173.921954,
          "roi": 1639.2
        },
        {
          "title": "The Sixth Sense",
          "budget": 40,
          "revenue": 672.8,
          "roi": 1582
        },
        {
          "title": "M3gan",
          "budget": 12,
          "revenue": 181.796517,
          "roi": 1415
        },
        {
          "title": "Jurassic Park",
          "budget": 63,
          "revenue": 920.1,
          "roi": 1360.5
        },
        {
          "title": "The Silence Of the Lambs",
          "budget": 19,
          "revenue": 272.742922,
          "roi": 1335.5
        },
        {
          "title": "Super Mario Bros",
          "budget": 100,
          "revenue": 1362,
          "roi": 1262
        },
        {
          "title": "The Animatrix",
          "budget": 5,
          "revenue": 68,
          "roi": 1260
        },
        {
          "title": "Very bad trip",
          "budget": 35,
          "revenue": 469.310836,
          "roi": 1240.9
        },
        {
          "title": "Avatar",
          "budget": 237,
          "revenue": 2923.706026,
          "roi": 1133.6
        },
        {
          "title": "Forrest Gump",
          "budget": 55,
          "revenue": 677.387716,
          "roi": 1131.6
        },
        {
          "title": "The Lord of the Rings: The Return of the King",
          "budget": 94,
          "revenue": 1118.888979,
          "roi": 1090.3
        },
        {
          "title": "Indiana Jones and the Temple of Doom, director's cut",
          "budget": 28,
          "revenue": 333,
          "roi": 1089.3
        },
        {
          "title": "The Lord of the Rings: The Two Towers - director's cut",
          "budget": 79,
          "revenue": 926.2874,
          "roi": 1072.5
        },
        {
          "title": "Jurassic World",
          "budget": 150,
          "revenue": 1671.537444,
          "roi": 1014.4
        },
        {
          "title": "Mon voisin Totoro",
          "budget": 3.7,
          "revenue": 41,
          "roi": 1008.1
        },
        {
          "title": "Jumanji: Welcome to the Jungle",
          "budget": 90,
          "revenue": 995.339117,
          "roi": 1005.9
        },
        {
          "title": "Harry Potter and the Deathly Hallows – Part 2",
          "budget": 125,
          "revenue": 1341.511219,
          "roi": 973.2
        },
        {
          "title": "Twilight",
          "budget": 37,
          "revenue": 393.616788,
          "roi": 963.8
        },
        {
          "title": "The Shape of Water",
          "budget": 19.5,
          "revenue": 195.3,
          "roi": 901.5
        },
        {
          "title": "Ghostbusters",
          "budget": 30,
          "revenue": 296.64012,
          "roi": 888.8
        },
        {
          "title": "Indiana Jones and the Last Crusade",
          "budget": 48,
          "revenue": 474.171806,
          "roi": 887.9
        },
        {
          "title": "Alien",
          "budget": 11,
          "revenue": 104.931801,
          "roi": 853.9
        },
        {
          "title": "Oppenheimer",
          "budget": 100,
          "revenue": 952,
          "roi": 852
        },
        {
          "title": "The Lord of the Rings: The Fellowship of the Ring - director's cut",
          "budget": 93,
          "revenue": 871.368364,
          "roi": 837
        },
        {
          "title": "Harry Potter and the Chamber of Secrets",
          "budget": 100,
          "revenue": 876.688482,
          "roi": 776.7
        },
        {
          "title": "Top Gun : Maverick",
          "budget": 170,
          "revenue": 1488.732821,
          "roi": 775.7
        },
        {
          "title": "The Lost World: Jurassic Park",
          "budget": 73,
          "revenue": 618.638999,
          "roi": 747.5
        },
        {
          "title": "Shrek",
          "budget": 60,
          "revenue": 488.628188,
          "roi": 714.4
        },
        {
          "title": "Harry Potter and the Sorcerer's Stone",
          "budget": 125,
          "revenue": 976.47555,
          "roi": 681.2
        },
        {
          "title": "Jurassic World, Fallen Kingdom",
          "budget": 170,
          "revenue": 1310.469037,
          "roi": 670.9
        },
        {
          "title": "Godzilla Minus One",
          "budget": 15,
          "revenue": 113.676322,
          "roi": 657.8
        },
        {
          "title": "The Matrix",
          "budget": 63,
          "revenue": 463.517383,
          "roi": 635.7
        },
        {
          "title": "Paddington 2",
          "budget": 40,
          "revenue": 290.132513,
          "roi": 625.3
        },
        {
          "title": "District 9",
          "budget": 30,
          "revenue": 210.88895,
          "roi": 603
        },
        {
          "title": "300 - wow",
          "budget": 65,
          "revenue": 456.082343,
          "roi": 601.7
        },
        {
          "title": "Avengers",
          "budget": 220,
          "revenue": 1518.815515,
          "roi": 590.4
        },
        {
          "title": "Gravity",
          "budget": 105,
          "revenue": 723.192705,
          "roi": 588.8
        },
        {
          "title": "Avengers: Infinity War test",
          "budget": 300,
          "revenue": 2052.415039,
          "roi": 584.1
        },
        {
          "title": "Star Wars: Episode VIII - The Last Jedi",
          "budget": 200,
          "revenue": 1332.69883,
          "roi": 566.3
        },
        {
          "title": "Shaun of the Dead",
          "budget": 6,
          "revenue": 39.396175,
          "roi": 556.6
        },
        {
          "title": "Arrietty",
          "budget": 23,
          "revenue": 149.660003,
          "roi": 550.7
        },
        {
          "title": "Jumanji: The Next Level",
          "budget": 125,
          "revenue": 801.693929,
          "roi": 541.4
        },
        {
          "title": "The Bourne Ultimatum",
          "budget": 70,
          "revenue": 442.824138,
          "roi": 532.6
        },
        {
          "title": "Le Dîner de Cons",
          "budget": 12.5,
          "revenue": 78.599508,
          "roi": 528.8
        },
        {
          "title": "Harry Potter and the Order of the Phoenix",
          "budget": 150,
          "revenue": 938.212738,
          "roi": 525.5
        },
        {
          "title": "Shrek 2",
          "budget": 150,
          "revenue": 935.454538,
          "roi": 523.6
        },
        {
          "title": "Harry Potter and the Prisoner of Azkaban",
          "budget": 130,
          "revenue": 789.804554,
          "roi": 507.5
        },
        {
          "title": "2001: A Space Odyssey",
          "budget": 12,
          "revenue": 71.92356,
          "roi": 499.4
        },
        {
          "title": "2001: A Space Odyssey 2",
          "budget": 12,
          "revenue": 71.92356,
          "roi": 499.4
        },
        {
          "title": "Harry Potter and the Goblet of Fire",
          "budget": 150,
          "revenue": 895.921036,
          "roi": 497.3
        },
        {
          "title": "Paddington",
          "budget": 55,
          "revenue": 326.088587,
          "roi": 492.9
        },
        {
          "title": "The Boy and The Heron",
          "budget": 50,
          "revenue": 294.2,
          "roi": 488.4
        },
        {
          "title": "Sherlock Holmes",
          "budget": 90,
          "revenue": 524.028679,
          "roi": 482.3
        },
        {
          "title": "Grand Budapest Hotel",
          "budget": 30,
          "revenue": 174.600318,
          "roi": 482
        },
        {
          "title": "Everything Everywhere All At Once",
          "budget": 25,
          "revenue": 139.2,
          "roi": 456.8
        },
        {
          "title": "The Dark Knight",
          "budget": 185,
          "revenue": 1004.558444,
          "roi": 443
        },
        {
          "title": "Babel",
          "budget": 25,
          "revenue": 135.330835,
          "roi": 441.3
        },
        {
          "title": "Twister",
          "budget": 92,
          "revenue": 494.471524,
          "roi": 437.5
        },
        {
          "title": "Rogue One: A Star Wars Story",
          "budget": 200,
          "revenue": 1056.057273,
          "roi": 428
        },
        {
          "title": "Inception",
          "budget": 160,
          "revenue": 839.03063,
          "roi": 424.4
        },
        {
          "title": "Super 8",
          "budget": 50,
          "revenue": 260.1,
          "roi": 420.2
        },
        {
          "title": "Wonka",
          "budget": 125,
          "revenue": 634.502312,
          "roi": 407.6
        },
        {
          "title": "Die Hard",
          "budget": 28,
          "revenue": 140.767956,
          "roi": 402.7
        },
        {
          "title": "The Matrix Reloaded",
          "budget": 150,
          "revenue": 738.599701,
          "roi": 392.4
        },
        {
          "title": "Cocoon",
          "budget": 17.5,
          "revenue": 85.3,
          "roi": 387.4
        },
        {
          "title": "Groundhog day",
          "budget": 14.6,
          "revenue": 71.108778,
          "roi": 387
        },
        {
          "title": "Now you see me",
          "budget": 75,
          "revenue": 351.723989,
          "roi": 369
        },
        {
          "title": "Guardians of the Galaxy",
          "budget": 170,
          "revenue": 772.7766,
          "roi": 354.6
        },
        {
          "title": "Interstellar",
          "budget": 165,
          "revenue": 746.606706,
          "roi": 352.5
        },
        {
          "title": "Fantastic Beasts and Where to Find Them",
          "budget": 180,
          "revenue": 809.342332,
          "roi": 349.6
        },
        {
          "title": "Ant-Man and the Wasp test",
          "budget": 140,
          "revenue": 622.674139,
          "roi": 344.8
        },
        {
          "title": "Kung Fu Panda 2",
          "budget": 150,
          "revenue": 665.692281,
          "roi": 343.8
        },
        {
          "title": "The Truman show",
          "budget": 60,
          "revenue": 264.118712,
          "roi": 340.2
        },
        {
          "title": "Pan's Labyrinth (zone A)",
          "budget": 19,
          "revenue": 83.258226,
          "roi": 338.2
        },
        {
          "title": "Zombieland",
          "budget": 23.6,
          "revenue": 102.39154,
          "roi": 333.9
        },
        {
          "title": "Arrival",
          "budget": 47,
          "revenue": 203.388186,
          "roi": 332.7
        },
        {
          "title": "The Dark Knight Rises",
          "budget": 250,
          "revenue": 1081.041287,
          "roi": 332.4
        },
        {
          "title": "Guardians of the Galaxy Vol. 2",
          "budget": 200,
          "revenue": 863.756051,
          "roi": 331.9
        },
        {
          "title": "Le nom de la rose",
          "budget": 18,
          "revenue": 77.2,
          "roi": 328.9
        },
        {
          "title": "Blues Brothers",
          "budget": 27,
          "revenue": 115.22989,
          "roi": 326.8
        },
        {
          "title": "Indiana Jones and the Kingdom of the Crystal Skull",
          "budget": 185,
          "revenue": 786.636033,
          "roi": 325.2
        },
        {
          "title": "Hancock",
          "budget": 150,
          "revenue": 629.4,
          "roi": 319.6
        },
        {
          "title": "The Batman",
          "budget": 185,
          "revenue": 772.319315,
          "roi": 317.5
        },
        {
          "title": "Die Hard with a Vengeance",
          "budget": 90,
          "revenue": 366.101666,
          "roi": 306.8
        },
        {
          "title": "Big Hero 6",
          "budget": 165,
          "revenue": 657.870525,
          "roi": 298.7
        },
        {
          "title": "Jurassic Park III",
          "budget": 93,
          "revenue": 368.780809,
          "roi": 296.5
        },
        {
          "title": "The Revenant",
          "budget": 135,
          "revenue": 532.950503,
          "roi": 294.8
        },
        {
          "title": "The Bourne Supremacy",
          "budget": 75,
          "revenue": 288.500217,
          "roi": 284.7
        },
        {
          "title": "Harry Potter and the Deathly Hallows – Part 1",
          "budget": 250,
          "revenue": 954.305868,
          "roi": 281.7
        },
        {
          "title": "Dune part two",
          "budget": 190,
          "revenue": 714.844358,
          "roi": 276.2
        },
        {
          "title": "Harry Potter and the Half-Blood Prince",
          "budget": 250,
          "revenue": 933.959197,
          "roi": 273.6
        },
        {
          "title": "Shutter island",
          "budget": 80,
          "revenue": 294.804195,
          "roi": 268.5
        },
        {
          "title": "The Goonies",
          "budget": 19,
          "revenue": 69.649283,
          "roi": 266.6
        },
        {
          "title": "The Bourne Identity",
          "budget": 60,
          "revenue": 214.034224,
          "roi": 256.7
        },
        {
          "title": "Dunkirk",
          "budget": 150,
          "revenue": 527,
          "roi": 251.3
        },
        {
          "title": "Robots [fr]",
          "budget": 75,
          "revenue": 262.51149,
          "roi": 250
        },
        {
          "title": "Live Free or Die Hard",
          "budget": 110,
          "revenue": 383.531464,
          "roi": 248.7
        },
        {
          "title": "Red",
          "budget": 58,
          "revenue": 199.006387,
          "roi": 243.1
        },
        {
          "title": "Die Hard 2",
          "budget": 70,
          "revenue": 240.031094,
          "roi": 242.9
        },
        {
          "title": "Guardians of the Galaxy Vol. 3",
          "budget": 250,
          "revenue": 845.55,
          "roi": 238.2
        },
        {
          "title": "Incassable",
          "budget": 75,
          "revenue": 248.118121,
          "roi": 230.8
        },
        {
          "title": "Fantastic Beasts: The Crimes of Grindelwald",
          "budget": 200,
          "revenue": 654.9,
          "roi": 227.5
        },
        {
          "title": "Game Night",
          "budget": 37,
          "revenue": 117.501013,
          "roi": 217.6
        },
        {
          "title": "Charlie and the Chocolate Factory",
          "budget": 150,
          "revenue": 475,
          "roi": 216.7
        },
        {
          "title": "The big Lebowski",
          "budget": 15,
          "revenue": 47.01048,
          "roi": 213.4
        },
        {
          "title": "Heat",
          "budget": 60,
          "revenue": 187.4,
          "roi": 212.3
        },
        {
          "title": "300, la naissance d'un empire",
          "budget": 110,
          "revenue": 337.580051,
          "roi": 206.9
        },
        {
          "title": "X-Men: Apocalypse",
          "budget": 178,
          "revenue": 543.934787,
          "roi": 205.6
        },
        {
          "title": "Zombieland: Double Tap",
          "budget": 42,
          "revenue": 122.8,
          "roi": 192.4
        },
        {
          "title": "Les mondes de Ralph",
          "budget": 165,
          "revenue": 471.222889,
          "roi": 185.6
        },
        {
          "title": "The Matrix Revolutions",
          "budget": 150,
          "revenue": 424.988211,
          "roi": 183.3
        },
        {
          "title": "Le Prestige",
          "budget": 40,
          "revenue": 109.676311,
          "roi": 174.2
        },
        {
          "title": "Ghostbusters - Legacy",
          "budget": 75,
          "revenue": 204.334455,
          "roi": 172.4
        },
        {
          "title": "Real Steel",
          "budget": 110,
          "revenue": 299.3,
          "roi": 172.1
        },
        {
          "title": "dragon rouge",
          "budget": 78,
          "revenue": 209.196298,
          "roi": 168.2
        },
        {
          "title": "Sherlock Holmes jeu d'ombre",
          "budget": 125,
          "revenue": 334.615,
          "roi": 167.7
        },
        {
          "title": "World war Z",
          "budget": 200,
          "revenue": 531.865,
          "roi": 165.9
        },
        {
          "title": "The Lost City",
          "budget": 74,
          "revenue": 192.907684,
          "roi": 160.7
        },
        {
          "title": "Star Wars: Episode IX - The Rise of Skywalker",
          "budget": 416,
          "revenue": 1074.144248,
          "roi": 158.2
        },
        {
          "title": "Civil war",
          "budget": 50,
          "revenue": 126.542249,
          "roi": 153.1
        },
        {
          "title": "Mad Max: Fury Road",
          "budget": 150,
          "revenue": 378.85834,
          "roi": 152.6
        },
        {
          "title": "Batman Begins",
          "budget": 150,
          "revenue": 374.218673,
          "roi": 149.5
        },
        {
          "title": "V for Vendetta",
          "budget": 54,
          "revenue": 134.686457,
          "roi": 149.4
        },
        {
          "title": "Dune part one",
          "budget": 165,
          "revenue": 407.573628,
          "roi": 147
        },
        {
          "title": "Paul",
          "budget": 40,
          "revenue": 98,
          "roi": 145
        },
        {
          "title": "Le pact des loups",
          "budget": 29,
          "revenue": 70.8,
          "roi": 144.1
        },
        {
          "title": "Percy Jackson, Le voleur de foudre",
          "budget": 95,
          "revenue": 226.497209,
          "roi": 138.4
        },
        {
          "title": "Godzilla vs. Kong",
          "budget": 200,
          "revenue": 470.116094,
          "roi": 135.1
        },
        {
          "title": "Contagion",
          "budget": 60,
          "revenue": 137.551594,
          "roi": 129.3
        },
        {
          "title": "Pacific Rim",
          "budget": 180,
          "revenue": 411,
          "roi": 128.3
        },
        {
          "title": "Astérix et Obélix mission Cléopatre",
          "budget": 58.5,
          "revenue": 131.116046,
          "roi": 124.1
        },
        {
          "title": "Percy Jackson, la mer des monstres",
          "budget": 90,
          "revenue": 199.850315,
          "roi": 122.1
        },
        {
          "title": "L'imaginarium du docteur Parnassus",
          "budget": 30,
          "revenue": 64.352607,
          "roi": 114.5
        },
        {
          "title": "le parfum [fr]",
          "budget": 63.7,
          "revenue": 135.039924,
          "roi": 112
        },
        {
          "title": "Les Cinq légendes",
          "budget": 145,
          "revenue": 306.94167,
          "roi": 111.7
        },
        {
          "title": "The Hitchhiker's Guide to the Galaxy",
          "budget": 50,
          "revenue": 104.5,
          "roi": 109
        },
        {
          "title": "Edge of tomorrow",
          "budget": 178,
          "revenue": 370.541256,
          "roi": 108.2
        },
        {
          "title": "Fantastic Beasts: The Secrets of Dumbledore",
          "budget": 200,
          "revenue": 407.2,
          "roi": 103.6
        },
        {
          "title": "Moon",
          "budget": 5,
          "revenue": 9.760104,
          "roi": 95.2
        },
        {
          "title": "Memoirs of a Geisha",
          "budget": 85,
          "revenue": 162.242962,
          "roi": 90.9
        },
        {
          "title": "Hellboy II, Les légions d'or maudites",
          "budget": 85,
          "revenue": 160.388063,
          "roi": 88.7
        },
        {
          "title": "Tenet",
          "budget": 205,
          "revenue": 365.304105,
          "roi": 78.2
        },
        {
          "title": "Big fish",
          "budget": 70,
          "revenue": 123.2,
          "roi": 76
        },
        {
          "title": "IF: Imaginary Friend",
          "budget": 110,
          "revenue": 190.309707,
          "roi": 73
        },
        {
          "title": "Blade Runner 2049",
          "budget": 150,
          "revenue": 259.239658,
          "roi": 72.8
        },
        {
          "title": "Jurassic World, le mode d'après",
          "budget": 583.9,
          "revenue": 1004.004592,
          "roi": 71.9
        },
        {
          "title": "Prince of Persia, les sables du temps",
          "budget": 200,
          "revenue": 336.365676,
          "roi": 68.2
        },
        {
          "title": "Ghostbusters, answers the call",
          "budget": 144,
          "revenue": 229.147509,
          "roi": 59.1
        },
        {
          "title": "Looper",
          "budget": 30,
          "revenue": 47.042,
          "roi": 56.8
        },
        {
          "title": "Hellboy - Director's Cut",
          "budget": 66,
          "revenue": 99.318987,
          "roi": 50.5
        },
        {
          "title": "Blade Runner - FINAL CUT",
          "budget": 28,
          "revenue": 41.722424,
          "roi": 49
        },
        {
          "title": "The Fall Guy",
          "budget": 125,
          "revenue": 181.073291,
          "roi": 44.9
        },
        {
          "title": "Donjons & Dragons : L'Honneur des voleurs",
          "budget": 151,
          "revenue": 208.2,
          "roi": 37.9
        },
        {
          "title": "The Thing",
          "budget": 15,
          "revenue": 19.62976,
          "roi": 30.9
        },
        {
          "title": "Arthur et les Minimoys",
          "budget": 86,
          "revenue": 108.605609,
          "roi": 26.3
        },
        {
          "title": "Starship Troopers",
          "budget": 105,
          "revenue": 121.214377,
          "roi": 15.4
        },
        {
          "title": "Hugo Cabret",
          "budget": 170,
          "revenue": 185.77016,
          "roi": 9.3
        },
        {
          "title": "Furiosa: A Mad Max Saga",
          "budget": 168,
          "revenue": 174.287546,
          "roi": 3.7
        },
        {
          "title": "Doom",
          "budget": 60,
          "revenue": 58.1,
          "roi": -3.2
        },
        {
          "title": "Doom",
          "budget": 60,
          "revenue": 58.1,
          "roi": -3.2
        },
        {
          "title": "Doom",
          "budget": 60,
          "revenue": 58.1,
          "roi": -3.2
        },
        {
          "title": "99 francs",
          "budget": 13.442285,
          "revenue": 12.5,
          "roi": -7
        },
        {
          "title": "Arthur et la vangeance de Maltazard",
          "budget": 87,
          "revenue": 52.377611,
          "roi": -39.8
        },
        {
          "title": "Arthur und die Minimoys 3",
          "budget": 70.2,
          "revenue": 33.885979,
          "roi": -51.7
        }
      ]
    }
  },
  "timestamp": 1760824576077,
  "ttl": 7200000,
  "version": "0.0.1"
}